Game,Console,Publisher,Developer,VGChartz Score,Critic Score,User Score,Total Shipped,Total Sales,NA Sales,PAL Sales,Japan Sales,Other Sales,Release Date,Last Update,Stripped Sales,,No errors,Number Conversion,Total
Retro Bowl,PC_b,New Star Games,New Star Games,,,,,,,,,,1/1/2020,2/14/2022,#VALUE!,,0,0,3.45
Dr Kawashima's Brain Training for Nintendo Switch,NS_b,Nintendo,Nintendo,,,,1.27m,,,,,,1/3/2020,1/10/2020,#VALUE!,,0,0,
AO Tennis 2,XOne_b,Big Ben Interactive,Big Ant Studios,,,,,,,,,,1/9/2020,12/27/2019,#VALUE!,,0,0,
AO Tennis 2,PS4_b,Big Ben Interactive,Big Ant Studios,,,,,,,,,,1/9/2020,12/27/2019,#VALUE!,,0,0,
AO Tennis 2,PC_b,Big Ben Interactive,Big Ant Studios,,,,,,,,,,1/9/2020,12/27/2019,#VALUE!,,0,0,
AO Tennis 2,NS_b,Big Ben Interactive,Big Ant Studios,,,,,,,,,,1/9/2020,12/27/2019,#VALUE!,,0,0,
Sir Eatsalot,NS_b,EastAsiaSoft,Behind the Stone,,,,,,,,,,1/9/2020,1/10/2020,#VALUE!,,0,0,
Tokyo Dark: Remembrance,PS4_b,Unties,Mebius,,,,,,,,,,1/10/2020,1/13/2020,#VALUE!,,0,0,
Hardcore Mecha,PS4_b,RocketPunch Games,RocketPunch Games,7,,,,,,,,,1/14/2020,1/13/2020,#VALUE!,,0,0,
Grayland,PC_b,1DER Entertainment,1Der Entertainment,6,,,,,,,,,1/15/2020,1/22/2020,#VALUE!,,0,0,
Puzzle & Dragons GOLD,NS_b,GungHo Online Entertainment,GungHo Online Entertainment,,,,,,,,,,1/15/2020,12/24/2019,#VALUE!,,0,0,
Regina & Mac,WiiU_b,Diplodocus Games,Diplodocus Games,,,,,,,,,,1/16/2020,9/20/2020,#VALUE!,,0,0,
Romance of the Three Kingdoms XIV,PS4_b,Koei Tecmo,Koei Tecmo Games,,,,,,,,,,1/16/2020,8/1/2019,#VALUE!,,0,0,
Romance of the Three Kingdoms XIV,PC_b,Koei Tecmo,Koei Tecmo Games,,,,,,,,,,1/16/2020,8/1/2019,#VALUE!,,0,0,
Stories Untold,NS_b,Devolver Digital,No Code,,,,,,,,,,1/16/2020,1/14/2020,#VALUE!,,0,0,
Dragon Ball Z: Kakarot,All_b,Bandai Namco Entertainment,CyberConnect2,,,,4.50m,,,,,,1/17/2020,10/9/2020,#VALUE!,,0,0,
Dragon Ball Z: Kakarot,PS4_b,Bandai Namco Games,CyberConnect2,7,,,3.22m,,,,,,1/17/2020,7/23/2019,#VALUE!,,0,0,
Dragon Ball Z: Kakarot,XOne_b,Bandai Namco Games,CyberConnect2,,,,1.17m,,,,,,1/17/2020,7/23/2019,#VALUE!,,0,0,
Dragon Ball Z: Kakarot,PC_b,Bandai Namco Games,CyberConnect2,,,,,,,,,,1/17/2020,7/23/2019,#VALUE!,,0,0,
Tokyo Mirage Sessions #FE Encore,NS_b,Nintendo,Atlus,,,8.3,,,,,,,1/17/2020,7/23/2020,#VALUE!,,0,0,
Bullet Girls Phantasia,All_b,D3 Publisher,SHADE Inc.,,,,0.10m,,,,,,1/17/2020,10/10/2020,#VALUE!,,0,0,
Whispering Willows,WiiU_b,Akupara Games,Night Light Interactive,,,,,,,,,,1/20/2020,9/20/2020,#VALUE!,,0,0,
Mosaic,NS_b,Raw Fury,Krillbite Studio,,,,,,,,,,1/23/2020,8/17/2018,#VALUE!,,0,0,
Mosaic,XOne_b,Raw Fury,Krillbite Studio,7,,,,,,,,,1/23/2020,8/17/2018,#VALUE!,,0,0,
Mosaic,PS4_b,Raw Fury,Krillbite Studio,,,,,,,,,,1/23/2020,8/17/2018,#VALUE!,,0,0,
Rugby 20,XOne_b,Big Ben Interactive,EKO Software,,,,,,,,,,1/23/2020,1/17/2020,#VALUE!,,0,0,
Rugby 20,PS4_b,Big Ben Interactive,EKO Software,,,,,,,,,,1/23/2020,1/17/2020,#VALUE!,,0,0,
Rugby 20,PC_b,Big Ben Interactive,EKO Software,,,,,,,,,,1/23/2020,1/17/2020,#VALUE!,,0,0,
The Walking Dead: Saints and Sinners,PC_b,Skydance Interactive,Skydance Interactive,,,,,,,,,,1/23/2020,10/5/2019,#VALUE!,,0,0,
Orn: The Tiny Forest Sprite,NS_b,FIVE12 GAMES,FIVE12 GAMES,,,,,,,,,,1/24/2020,1/16/2020,#VALUE!,,0,0,
Journey To the Savage Planet,PS4_b,505 Games,Typhoon Studios,,,,,,,,,,1/28/2020,4/11/2019,#VALUE!,,0,0,
Journey To the Savage Planet,XOne_b,505 Games,Typhoon Studios,7,,,,,,,,,1/28/2020,4/11/2019,#VALUE!,,0,0,
Journey To the Savage Planet,PC_b,505 Games,Typhoon Studios,,,,,,,,,,1/28/2020,4/11/2019,#VALUE!,,0,0,
Kentucky Route Zero: TV Edition,NS_b,Annapurna Interactive,Cardboard Computer,,,,,,,,,,1/28/2020,1/19/2018,#VALUE!,,0,0,
Kentucky Route Zero: TV Edition,XOne_b,Annapurna Interactive,Cardboard Computer,,,,,,,,,,1/28/2020,6/16/2019,#VALUE!,,0,0,
Kentucky Route Zero: TV Edition,PS4_b,Annapurna Interactive,Cardboard Computer,,,,,,,,,,1/28/2020,6/16/2019,#VALUE!,,0,0,
Pillars of Eternity II: Deadfire,PS4_b,Versus Evil,Obsidian Entertainment,,,,,,,,,,1/28/2020,10/9/2022,#VALUE!,,0,0,
Thronebreaker: The Witcher Tales,NS_b,CD Projekt Red Studio,CD Projekt Red Studio,7,,,,,,,,,1/28/2020,2/22/2020,#VALUE!,,0,0,
Lode Runner Legacy,PS4_b,Tozai Games,Tozai Games,,,,,,,,,,1/29/2020,1/16/2020,#VALUE!,,0,0,
The Pedestrian,PC_b,Skookum Arts,Skookum Arts,7,,,,,,,,,1/29/2020,2/13/2020,#VALUE!,,0,0,
Arc of Alchemist,PS4_b,Idea Factory,Compile Heart,,,,,,,,,,1/30/2020,12/30/2018,#VALUE!,,0,0,
Patapon 2 Remastered,PS4_b,Sony Interactive Entertainment,Pyramid/JAPAN Studio,,,,,,,,,,1/30/2020,4/11/2020,#VALUE!,,0,0,
Hypercharge: Unboxed,NS_b,Digital Cybercherries,Digital Cybercherries,,,,,,,,,,1/31/2020,1/17/2020,#VALUE!,,0,0,
Dawn of Fear,PS4_b,Good Game Publishing,Brok3nsite,,,,,,,,,,2/3/2020,1/22/2020,#VALUE!,,0,0,
Monster Energy Supercross - The Official Videogame 3,PC_b,Milestone S.r.l.,Milestone S.r.l.,,,,,,,,,,2/4/2020,1/28/2021,#VALUE!,,0,0,
The Dark Crystal: Age of Resistance Tactics,NS_b,En Masse Entertainment,BonusXP,,,,,,,,,,2/4/2020,6/11/2019,#VALUE!,,0,0,
The Dark Crystal: Age of Resistance Tactics,PC_b,En Masse Entertainment,BonusXP,,,,,,,,,,2/4/2020,6/11/2019,#VALUE!,,0,0,
The Dark Crystal: Age of Resistance Tactics,PS4_b,En Masse Entertainment,BonusXP,,,,,,,,,,2/4/2020,6/11/2019,#VALUE!,,0,0,
The Dark Crystal: Age of Resistance Tactics,XOne_b,En Masse Entertainment,BonusXP,,,,,,,,,,2/4/2020,6/11/2019,#VALUE!,,0,0,
Zombie Army 4: Dead War,PS4_b,Rebellion Developments,Rebellion Games,,,,,,,,,,2/4/2020,7/12/2019,#VALUE!,,0,0,
Zombie Army 4: Dead War,XOne_b,Rebellion Developments,Rebellion Games,6,,,,,,,,,2/4/2020,7/12/2019,#VALUE!,,0,0,
Zombie Army 4: Dead War,PC_b,Rebellion Developments,Rebellion Games,,,,,,,,,,2/4/2020,7/12/2019,#VALUE!,,0,0,
7th Sector,XOne_b,Sometimes You,Sergey Noskov,,,,,,,,,,2/5/2020,1/23/2020,#VALUE!,,0,0,
7th Sector,PS4_b,Sometimes You,Sergey Noskov,,,,,,,,,,2/5/2020,1/23/2020,#VALUE!,,0,0,
7th Sector,NS_b,Sometimes You,Sergey Noskov,,,,,,,,,,2/5/2020,1/23/2020,#VALUE!,,0,0,
Knights and Bikes,NS_b,Double Fine Presents,Foam Sword,,,,,,,,,,2/6/2020,1/24/2020,#VALUE!,,0,0,
Kunai,NS_b,The Arcade Crew,TurtleBlaze,7,,,,,,,,,2/6/2020,1/14/2020,#VALUE!,,0,0,
Kunai,PC_b,The Arcade Crew,TurtleBlaze,,,,,,,,,,2/6/2020,1/14/2020,#VALUE!,,0,0,
The Turing Test,NS_b,Square Enix,Bulkhead Interactive,,,,,,,,,,2/7/2020,1/27/2020,#VALUE!,,0,0,
Yakuza 5,PS4_b,Sega,Sega,,,,,,,,,,2/11/2020,4/5/2019,#VALUE!,,0,0,
Azur Lane: Crosswave,PS4_b,Idea Factory International,Felistella,,,,,,,,,,2/13/2020,5/6/2019,#VALUE!,,0,0,
Azur Lane: Crosswave,PC_b,Idea Factory International,Compile Heart,,,,,,,,,,2/13/2020,1/23/2020,#VALUE!,,0,0,
Daemon X Machina,PC_b,Xseed Games,Marvelous,,,,,,,,,,2/13/2020,2/13/2020,#VALUE!,,0,0,
Death end re;Quest 2,PS4_b,Compile Heart,Compile Heart,4,,,,,,,,,2/13/2020,1/24/2020,#VALUE!,,0,0,
Space Hunted: The Lost Levels,WiiU_b,Ultra Dolphin Revolution,Ultra Dolphin Revolution,,,,,,,,,,2/13/2020,9/20/2020,#VALUE!,,0,0,
Tannenberg,PC_b,M2H,M2H,,,,,,,,,,2/13/2020,7/2/2020,#VALUE!,,0,0,
Azur Lane: Crosswave,All_b,Idea Factory International,Felistella,,,,0.20m,,,,,,2/13/2020,2/19/2021,#VALUE!,,0,0,
Darksiders Genesis,NS_b,THQ Nordic,Airship Syndicate,,,,,,,,,,2/14/2020,6/8/2019,#VALUE!,,0,0,
Darksiders Genesis,PS4_b,THQ Nordic,Airship Syndicate,,,,,,,,,,2/14/2020,6/8/2019,#VALUE!,,0,0,
Darksiders Genesis,XOne_b,THQ Nordic,Airship Syndicate,,,,,,,,,,2/14/2020,6/8/2019,#VALUE!,,0,0,
Dreams,PS4_b,Sony Interactive Entertainment,Media Molecule,,,,,,,,,,2/14/2020,4/10/2020,#VALUE!,,0,0,
The Snack World: Trejarers Gold,NS_b,Level 5,Level 5,,,,,0.12m,,,0.12m,,2/14/2020,12/9/2019,0.12,,0.12,0.12,
Bayonetta & Vanquish 10th Anniversary Bundle,XOne_b,Sega,PlatinumGames,,,,,,,,,,2/18/2020,12/11/2019,#VALUE!,,0,0,
Bayonetta & Vanquish 10th Anniversary Bundle,PS4_b,Sega,PlatinumGames,,,,,,,,,,2/18/2020,12/11/2019,#VALUE!,,0,0,
Giraffe and Annika,PC_b,Playism,atelier mimina,,,,,,,,,,2/18/2020,1/13/2020,#VALUE!,,0,0,
Hunt: Showdown,PS4_b,Crytek,Crytek,,,,,,,,,,2/18/2020,1/20/2020,#VALUE!,,0,0,
Kingdom Hearts HD II.8 Final Chapter Prologue,XOne_b,Square,Square Enix,,,,,,,,,,2/18/2020,2/13/2020,#VALUE!,,0,0,
Granblue Fantasy Versus,PS4_b,Xseed Games,Arc System Works,8,,,0.15m,,,,,,2/18/2020,8/6/2019,#VALUE!,,0,0,
Devil May Cry 3 Special Edition,NS_b,Capcom,Capcom,8,,,,,,,,,2/20/2020,2/24/2020,#VALUE!,,0,0,
SEGA Ages Sonic the Hedgehog 2,NS_b,Sega,Sega,,,,,,,,,,2/20/2020,1/16/2020,#VALUE!,,0,0,
Dota Underlords,Linux_b,Valve,Valve,,,,,,,,,,2/25/2020,2/13/2020,#VALUE!,,0,0,
Dota Underlords,PC_b,Valve,Valve,,,,,,,,,,2/25/2020,2/13/2020,#VALUE!,,0,0,
Mega Man Zero/ZX Legacy Collection,XOne_b,Capcom,Inti Creates,,,,,,,,,,2/25/2020,10/30/2019,#VALUE!,,0,0,
Mega Man Zero/ZX Legacy Collection,PS4_b,Capcom,Inti Creates,,,,,,,,,,2/25/2020,10/30/2019,#VALUE!,,0,0,
Mega Man Zero/ZX Legacy Collection,PC_b,Capcom,Inti Creates,,,,,,,,,,2/25/2020,10/30/2019,#VALUE!,,0,0,
Mega Man Zero/ZX Legacy Collection,NS_b,Capcom,Inti Creates,,,,,,,,,,2/25/2020,10/30/2019,#VALUE!,,0,0,
Samurai Shodown,NS_b,SNK,SNK Playmore,,,,,,,,,,2/25/2020,5/4/2019,#VALUE!,,0,0,
Hero Must Die. Again,PS4_b,Degica,Pyramid,,,,,,,,,,2/26/2020,2/13/2020,#VALUE!,,0,0,
Hero Must Die. Again,PC_b,Degica,Pyramid,,,,,,,,,,2/26/2020,2/13/2020,#VALUE!,,0,0,
Hero Must Die. Again,NS_b,Degica,Pyramid,,,,,,,,,,2/27/2020,2/13/2020,#VALUE!,,0,0,
Bloodroots,NS_b,Paper Cult,Paper Cult,,,,,,,,,,2/28/2020,8/17/2021,#VALUE!,,0,0,
METRO Redux,NS_b,Deep Silver,4a-games,,,,,,,,,,2/28/2020,1/22/2020,#VALUE!,,0,0,
One Punch Man: A Hero Nobody Knows,XOne_b,Bandai Namco Entertainment,Bandai Namco Games,,,,,,,,,,2/28/2020,7/26/2019,#VALUE!,,0,0,
One Punch Man: A Hero Nobody Knows,PS4_b,Bandai Namco Entertainment,Bandai Namco Games,3,,,,,,,,,2/28/2020,7/26/2019,#VALUE!,,0,0,
One Punch Man: A Hero Nobody Knows,PC_b,Bandai Namco Entertainment,Bandai Namco Games,,,,,,,,,,2/28/2020,7/26/2019,#VALUE!,,0,0,
Romance of the Three Kingdoms XIV,All_b,Koei Tecmo,Koei,,,,0.50m,,,,,,2/28/2020,10/17/2020,#VALUE!,,0,0,
Granblue Fantasy,Series_b,Xseed Games,Cygames,,,,1.00m,,,,,,3/3/2020,4/23/2020,#VALUE!,,0,0,
Granblue Fantasy: Versus,All_b,Xseed Games,Arc System Works,,,,1.00m,,,,,,3/3/2020,11/21/2020,#VALUE!,,0,0,
7th Sector,PC_b,Sometimes You,Sergey Noskov,,,,,,,,,,3/5/2020,1/23/2020,#VALUE!,,0,0,
PokÃƒÂ©mon Mystery Dungeon: Rescue Team DX,NS_b,Nintendo,Spike Chunsoft,,,7,1.99m,,,,,,3/6/2020,8/5/2020,#VALUE!,,0,0,
Call of Duty: Warzone,XOne_b,Activision,Infinity Ward,,,,,,,,,,3/10/2020,3/28/2020,#VALUE!,,0,0,
Call of Duty: Warzone,PS4_b,Activision,Infinity Ward,,,,,,,,,,3/10/2020,3/28/2020,#VALUE!,,0,0,
Call of Duty: Warzone,PC_b,Activision,Infinity Ward,,,,,,,,,,3/10/2020,3/28/2020,#VALUE!,,0,0,
Ori and the Will of the Wisps,XOne_b,Xbox Game Studios,Moon Studios,9,,,,,,,,,3/11/2020,8/4/2020,#VALUE!,,0,0,
Ori and the Will of the Wisps,PC_b,Xbox Game Studios,Moon Studios,,,,,,,,,,3/11/2020,8/4/2020,#VALUE!,,0,0,
Bless Unleashed,XOne_b,Neowiz Corporation,Round8 Studio,,,,,,,,,,3/12/2020,9/29/2020,#VALUE!,,0,0,
Comanche,All_b,THQ Nordic,NUKKLEAR,,,,,,,,,,3/12/2020,3/27/2021,#VALUE!,,0,0,
CRYSTORLD,WiiU_b,TOYURO,TOYURO,,,,,,,,,,3/12/2020,9/16/2020,#VALUE!,,0,0,
DJ Max Respect V,PC_b,Neowiz Entertainment,Neowiz Entertainment,,,,,,,,,,3/12/2020,7/17/2023,#VALUE!,,0,0,
Winning Post 9 2020,PS4_b,Koei Tecmo,Koei Tecmo Games,,,,,,,,,,3/12/2020,12/9/2019,#VALUE!,,0,0,
Winning Post 9 2020,NS_b,Koei Tecmo,Koei Tecmo Games,,,,,,,,,,3/12/2020,12/9/2019,#VALUE!,,0,0,
Nioh 2,All_b,Sony Interactive Entertainment,Koei Tecmo Games,,,,2.50m,,,,,,3/13/2020,4/28/2021,#VALUE!,,0,0,
Nioh 2,PS4_b,Sony Interactive Entertainment,Team Ninja,,,,1.40m,,,,,,3/13/2020,5/15/2020,#VALUE!,,0,0,
My Hero OneÃ¢â‚¬â„¢s Justice 2,XOne_b,Bandai Namco Entertainment,Byking,,,,,,,,,,3/13/2020,12/6/2019,#VALUE!,,0,0,
My Hero OneÃ¢â‚¬â„¢s Justice 2,PS4_b,Bandai Namco Entertainment,Byking,6,,,,,,,,,3/13/2020,12/6/2019,#VALUE!,,0,0,
My Hero OneÃ¢â‚¬â„¢s Justice 2,NS_b,Bandai Namco Entertainment,Byking,,,,,,,,,,3/13/2020,12/6/2019,#VALUE!,,0,0,
My Hero OneÃ¢â‚¬â„¢s Justice 2,PC_b,Bandai Namco Entertainment,Byking,,,,,,,,,,3/13/2020,12/6/2019,#VALUE!,,0,0,
Exit the Gungeon,PC_b,Devolver Digital,Dodge Roll,5,,,,,,,,,3/17/2020,3/3/2020,#VALUE!,,0,0,
Exit the Gungeon,NS_b,Devolver Digital,Dodge Roll,,,,,,,,,,3/17/2020,3/28/2020,#VALUE!,,0,0,
MLB The Show 20,PS4_b,Sony Interactive Entertainment,SIE San Diego Studio,,,,,,,,,,3/17/2020,8/5/2020,#VALUE!,,0,0,
Saint Seiya: Shining Soldiers,iOS_b,Bandai Namco Entertainment,Bandai Namco Games,,,,,,,,,,3/17/2020,1/29/2020,#VALUE!,,0,0,
Saint Seiya: Shining Soldiers,And_b,Bandai Namco Entertainment,Bandai Namco Games,,,,,,,,,,3/17/2020,1/29/2020,#VALUE!,,0,0,
Teamfight Tactics,iOS_b,Riot Games,Riot Games,,,,,,,,,,3/19/2020,3/29/2020,#VALUE!,,0,0,
Teamfight Tactics,And_b,Riot Games,Riot Games,,,,,,,,,,3/19/2020,3/29/2020,#VALUE!,,0,0,
Animal Crossing: New Horizons,NS_b,Nintendo,Nintendo,8,,,42.79m,,,,,,3/20/2020,4/11/2020,#VALUE!,,0,0,
Doom 64,XOne_b,Bethesda Softworks,Nightdive Studios,,,,,,,,,,3/20/2020,1/22/2020,#VALUE!,,0,0,
Doom 64,PS4_b,Bethesda Softworks,Nightdive Studios,,,,,,,,,,3/20/2020,1/22/2020,#VALUE!,,0,0,
Doom 64,PC_b,Bethesda Softworks,Nightdive Studios,,,,,,,,,,3/20/2020,1/22/2020,#VALUE!,,0,0,
Doom 64,NS_b,Bethesda Softworks,Nightdive Studios,,,,,,,,,,3/20/2020,1/22/2020,#VALUE!,,0,0,
Doom Eternal,XOne_b,Bethesda Softworks,id Software,,,,,,,,,,3/20/2020,7/8/2019,#VALUE!,,0,0,
Doom Eternal,PS4_b,Bethesda Softworks,id Software,,,,,,,,,,3/20/2020,7/8/2019,#VALUE!,,0,0,
Doom Eternal,PC_b,Bethesda Softworks,id Software,8,,,,,,,,,3/20/2020,7/8/2019,#VALUE!,,0,0,
Half-Life: Alyx,PC_b,Valve,Valve,,,,,,,,,,3/23/2020,11/21/2019,#VALUE!,,0,0,
The Legend of Heroes: Trails of Cold Steel III,PC_b,NIS America,Nihon Falcom Corporation,,,,,,,,,,3/23/2020,1/20/2020,#VALUE!,,0,0,
Moons Of Madness,XOne_b,Funcom,Rock Pocket Ltd,5,,,,,,,,,3/24/2020,1/16/2020,#VALUE!,,0,0,
Moons Of Madness,PS4_b,Funcom,Rock Pocket Ltd,,,,,,,,,,3/24/2020,1/16/2020,#VALUE!,,0,0,
Bleeding Edge,XOne_b,Xbox Game Studios,Ninja Theory,8,,,,,,,,,3/24/2020,8/4/2020,#VALUE!,,0,0,
Bleeding Edge,PC_b,Xbox Game Studios,Ninja Theory,,,,,,,,,,3/24/2020,8/4/2020,#VALUE!,,0,0,
Good Job!,NS_b,Nintendo,Paladin Studios,,,,,,,,,,3/26/2020,7/21/2020,#VALUE!,,0,0,
Panzer Dragoon: Remake,NS_b,Forever Entertainment S.A.,MegaPixel Studio S.A.,,,,,,,,,,3/26/2020,2/18/2021,#VALUE!,,0,0,
Shinsekai: Into the Depths,NS_b,Capcom,Capcom,7,,,,,,,,,3/26/2020,4/3/2020,#VALUE!,,0,0,
Space Invaders: Invincible Collection,NS_b,Taito,Taito,,,,,,,,,,3/26/2020,1/10/2020,#VALUE!,,0,0,
Star Wars Jedi Knight: Jedi Academy,NS_b,Aspyr,Raven Software,,,,,,,,,,3/26/2020,11/8/2021,#VALUE!,,0,0,
One Piece: Pirate Warriors 4,All_b,Bandai Namco Entertainment,Omega Force,,,,2.00m,,,,,,3/27/2020,12/10/2020,#VALUE!,,0,0,
Biped,PC_b,bilibili,NEXT Studios,,,,,,,,,,3/27/2020,5/10/2020,#VALUE!,,0,0,
One Piece: Pirate Warriors 4,XOne_b,Bandai Namco Entertainment,Omega Force,,,,,,,,,,3/27/2020,7/11/2019,#VALUE!,,0,0,
One Piece: Pirate Warriors 4,PS4_b,Bandai Namco Entertainment,Omega Force,,,,,,,,,,3/27/2020,7/11/2019,#VALUE!,,0,0,
One Piece: Pirate Warriors 4,NS_b,Bandai Namco Entertainment,Omega Force,,,,,,,,,,3/27/2020,7/11/2019,#VALUE!,,0,0,
One Piece: Pirate Warriors 4,PC_b,Bandai Namco Entertainment,Omega Force,,,,,,,,,,3/27/2020,7/11/2019,#VALUE!,,0,0,
Saints Row IV: Re-Elected,NS_b,Koch Media,Volition,,,,,,,,,,3/27/2020,11/8/2021,#VALUE!,,0,0,
Persona 5 Royal,All_b,Sega,Atlus,,,,4.00m,,,,,,3/31/2020,12/1/2022,#VALUE!,,0,0,
Persona 5 Royal,PS4_b,Atlus,Atlus,9,,,2.30m,,,,,,3/31/2020,8/5/2020,#VALUE!,,0,0,
Bubble Bobble 4 Friends,NS_b,ININ Games,Taito,,,,,,,,,,3/31/2020,9/20/2020,#VALUE!,,0,0,
Zombie Army Trilogy,NS_b,Rebellion Developments,Rebellion Developments,,,,,,,,,,3/31/2020,11/6/2021,#VALUE!,,0,0,
My Friend Pedro,PS4_b,Devolver Digital,DeadToast Entertainment,,,,,,,,,,4/2/2020,3/30/2020,#VALUE!,,0,0,
Resident Evil 3 (2020),All_b,Capcom,Capcom,,,,7.60m,,,,,,4/3/2020,10/11/2020,#VALUE!,,0,0,
Resident Evil 3,XOne_b,Capcom,Capcom,,,,,,,,,,4/3/2020,12/10/2019,#VALUE!,,0,0,
Resident Evil 3,PS4_b,Capcom,Capcom,7,,,,,,,,,4/3/2020,12/10/2019,#VALUE!,,0,0,
Resident Evil 3,PC_b,Capcom,Capcom,,,,,,,,,,4/3/2020,12/10/2019,#VALUE!,,0,0,
Disaster Report 4 Plus: Summer Memories,NS_b,NIS America,Granzella,,,,,,,,,,4/7/2020,10/17/2019,#VALUE!,,0,0,
Disaster Report 4 Plus: Summer Memories,PC_b,NIS America,Granzella,,,,,,,,,,4/7/2020,10/17/2019,#VALUE!,,0,0,
Disaster Report 4 Plus: Summer Memories,PS4_b,NIS America,Granzella,,,,,0.05m,,,0.05m,,4/7/2020,12/19/2018,0.05,,0.05,0.05,
Final Fantasy VII Remake,All_b,Square Enix,Square Enix,,,,7.00m,,,,,,4/10/2020,9/15/2023,#VALUE!,,0,0,
Final Fantasy VII Remake,PS4_b,Square Enix,Square Enix,9,,,5.00m,,,,,,4/10/2020,8/5/2020,#VALUE!,,0,0,
Space Engineers,XOne_b,Keen Software House,Keen Software House,,,,,,,,,,4/14/2020,,#VALUE!,,0,0,
Phantasy Star Online 2,XOne_b,Sega,Sega,,,,,,,,,,4/14/2020,5/11/2020,#VALUE!,,0,0,
Someday You'll Return,XOne_b,CBE Software s.r.o.,CBE Software s.r.o.,,,,,,,,,,4/14/2020,2/13/2020,#VALUE!,,0,0,
Someday You'll Return,PS4_b,CBE Software s.r.o.,CBE Software s.r.o.,,,,,,,,,,4/14/2020,2/13/2020,#VALUE!,,0,0,
Someday You'll Return,PC_b,CBE Software s.r.o.,CBE Software s.r.o.,,,,,,,,,,4/14/2020,2/13/2020,#VALUE!,,0,0,
AFL Evolution 2,NS_b,Tru Blu Entertainment,Wicked Witch Software,,,,,,,,,,4/16/2020,5/1/2020,#VALUE!,,0,0,
Yakuza Kiwami,XOne_b,Sega,Sega,,,,,,,,,,4/21/2020,4/25/2020,#VALUE!,,0,0,
Azure Striker Gunvolt 2,PS4_b,Inti Creates,Inti Creates,,,,,,,,,,4/23/2020,6/11/2020,#VALUE!,,0,0,
Bokuhime Project,PS4_b,Nippon Ichi Software,Wizard Soft,,,,,,,,,,4/23/2020,2/13/2020,#VALUE!,,0,0,
Bokuhime Project,NS_b,Nippon Ichi Software,Wizard Soft,,,,,,,,,,4/23/2020,2/13/2020,#VALUE!,,0,0,
Cloudpunk,PC_b,Maple Whispering Limited,Ion Lands,,,,,,,,,,4/23/2020,9/7/2020,#VALUE!,,0,0,
MotoGP 20,XOne_b,Milestone S.r.l.,Milestone S.r.l.,,,,,,,,,,4/23/2020,4/13/2020,#VALUE!,,0,0,
MotoGP 20,PS4_b,Milestone S.r.l.,Milestone S.r.l.,,,,,,,,,,4/23/2020,4/13/2020,#VALUE!,,0,0,
MotoGP 20,PC_b,Milestone S.r.l.,Milestone S.r.l.,,,,,,,,,,4/23/2020,4/13/2020,#VALUE!,,0,0,
MotoGP 20,NS_b,Milestone S.r.l.,Milestone S.r.l.,,,,,,,,,,4/23/2020,4/13/2020,#VALUE!,,0,0,
Picross S4,NS_b,Jupiter Corporation,Jupiter Corporation,,,,,,,,,,4/23/2020,4/16/2020,#VALUE!,,0,0,
Trials of Mana,All_b,Square Enix,Square Enix,,,,1.00m,,,,,,4/24/2020,2/12/2021,#VALUE!,,0,0,
Naruto Shippuden Ultimate Ninja Storm 4: Road to Boruto,NS_b,Bandai Namco Entertainment,CyberConnect2,,,,,,,,,,4/24/2020,1/6/2020,#VALUE!,,0,0,
Predator: Hunting Grounds,PS4_b,Sony Computer Entertainment,IllFonic,,,,,,,,,,4/24/2020,6/20/2019,#VALUE!,,0,0,
Predator: Hunting Grounds,PC_b,Sony Computer Entertainment,IllFonic,,,,,,,,,,4/24/2020,12/10/2019,#VALUE!,,0,0,
XCOM: Chimera Squad,PC_b,2K Games,Firaxis Games,5,,,,,,,,,4/24/2020,4/15/2020,#VALUE!,,0,0,
SnowRunner,All_b,Focus Home Interactive,Saber Interactive,,,,1.00m,,,,,,4/28/2020,11/27/2020,#VALUE!,,0,0,
Gears Tactics,PC_b,Xbox Game Studios,Splash Damage,,,,,,,,,,4/28/2020,8/4/2020,#VALUE!,,0,0,
Moving Out,XOne_b,Team 17,DevM Games,,,,,,,,,,4/28/2020,4/27/2020,#VALUE!,,0,0,
Moving Out,PS4_b,Team 17,DevM Games,,,,,,,,,,4/28/2020,4/27/2020,#VALUE!,,0,0,
Moving Out,PC_b,Team 17,DevM Games,,,,,,,,,,4/28/2020,4/27/2020,#VALUE!,,0,0,
Moving Out,NS_b,Team 17,DevM Games,,,,,,,,,,4/28/2020,4/27/2020,#VALUE!,,0,0,
Sakura Wars (2019),PS4_b,Sega,Sega,6,,,,,,,,,4/28/2020,7/28/2020,#VALUE!,,0,0,
SnowRunner,XOne_b,Focus Home Interactive,Saber Interactive,,,,,,,,,,4/28/2020,3/30/2020,#VALUE!,,0,0,
SnowRunner,PS4_b,Focus Home Interactive,Saber Interactive,,,,,,,,,,4/28/2020,3/30/2020,#VALUE!,,0,0,
SnowRunner,PC_b,Focus Home Interactive,Saber Interactive,,,,,,,,,,4/28/2020,3/30/2020,#VALUE!,,0,0,
Telling Lies,XOne_b,Annapurna Interactive,Sam Barlow,,,,,,,,,,4/28/2020,4/27/2020,#VALUE!,,0,0,
Telling Lies,PS4_b,Annapurna Interactive,Sam Barlow,,,,,,,,,,4/28/2020,4/27/2020,#VALUE!,,0,0,
Telling Lies,NS_b,Annapurna Interactive,Sam Barlow,,,,,,,,,,4/28/2020,4/27/2020,#VALUE!,,0,0,
Streets of Rage 4,All_b,DotEmu,DotEmu,,,,2.50m,,,,,,4/30/2020,2/22/2021,#VALUE!,,0,0,
Legends of Runeterra,PC_b,Riot Games,Riot Games,,,,,,,,,,4/30/2020,1/9/2020,#VALUE!,,0,0,
Legends of Runeterra,And_b,Riot Games,Riot Games,,,,,,,,,,4/30/2020,1/9/2020,#VALUE!,,0,0,
Legends of Runeterra,iOS_b,Riot Games,Riot Games,,,,,,,,,,4/30/2020,1/9/2020,#VALUE!,,0,0,
Streets of Rage 4,XOne_b,DotEmu,Lizardcube,,,,,,,,,,4/30/2020,11/25/2019,#VALUE!,,0,0,
Streets of Rage 4,PS4_b,DotEmu,Lizardcube,,,,,,,,,,4/30/2020,11/25/2019,#VALUE!,,0,0,
Streets of Rage 4,PC_b,DotEmu,Lizardcube,,,,,,,,,,4/30/2020,11/25/2019,#VALUE!,,0,0,
Streets of Rage 4,NS_b,DotEmu,Lizardcube,8,,,,,,,,,4/30/2020,11/25/2019,#VALUE!,,0,0,
MLB Home Run Derby VR,OR_b,MLB.com,MLB.com,,,,,,,,,,5/1/2020,10/27/2021,#VALUE!,,0,0,
John Wick Hex,PS4_b,Good Shepherd Entertainment,Mike Bithell Games,,,,,,,,,,5/5/2020,4/28/2020,#VALUE!,,0,0,
Infinite: Beyond The Mind,XOne_b,Blowfish Studios,Emilie COYO,,,,,,,,,,5/7/2020,5/6/2020,#VALUE!,,0,0,
Infinite: Beyond The Mind,PS4_b,Blowfish Studios,Emilie COYO,,,,,,,,,,5/7/2020,5/6/2020,#VALUE!,,0,0,
Infinite: Beyond The Mind,PC_b,Blowfish Studios,Emilie COYO,,,,,,,,,,5/7/2020,5/6/2020,#VALUE!,,0,0,
Infinite: Beyond The Mind,NS_b,Blowfish Studios,Emilie COYO,7,,,,,,,,,5/7/2020,5/6/2020,#VALUE!,,0,0,
Deep Rock Galactic,All_b,Coffee Stain Publishing,Ghost Ship Games,,,,5.81m,,,,,,5/13/2020,1/26/2021,#VALUE!,,0,0,
Deep Rock Galactic,XOne_b,Coffee Stain Studios,Ghost Ship Games,,,,,,,,,,5/13/2020,5/1/2020,#VALUE!,,0,0,
Deep Rock Galactic,PC_b,Coffee Stain Studios,Ghost Ship Games,,,,,,,,,,5/13/2020,5/1/2020,#VALUE!,,0,0,
Super Mega Baseball 3,XOne_b,Metalhead Software Inc.,Metalhead Software Inc.,,,,,,,,,,5/13/2020,4/30/2020,#VALUE!,,0,0,
Super Mega Baseball 3,PS4_b,Metalhead Software Inc.,Metalhead Software Inc.,,,,,,,,,,5/13/2020,4/30/2020,#VALUE!,,0,0,
Super Mega Baseball 3,PC_b,Metalhead Software Inc.,Metalhead Software Inc.,,,,,,,,,,5/13/2020,4/30/2020,#VALUE!,,0,0,
Super Mega Baseball 3,NS_b,Metalhead Software Inc.,Metalhead Software Inc.,,,,,,,,,,5/13/2020,4/30/2020,#VALUE!,,0,0,
Dying is Dangerous,WiiU_b,CarbonFire Studio,Jerome Labbe,,,,,,,,,,5/14/2020,9/16/2020,#VALUE!,,0,0,
Ion Fury,XOne_b,3D Realms,Voidpoint,,,,,,,,,,5/14/2020,8/12/2019,#VALUE!,,0,0,
Ion Fury,PS4_b,3D Realms,Voidpoint,,,,,,,,,,5/14/2020,8/12/2019,#VALUE!,,0,0,
Ion Fury,NS_b,3D Realms,Voidpoint,,,,,,,,,,5/14/2020,8/12/2019,#VALUE!,,0,0,
The Elder Scrolls: Blades,NS_b,Bethesda Softworks,Bethesda Game Studios,,,,,,,,,,5/14/2020,6/9/2019,#VALUE!,,0,0,
Hatsune Miku: Project Diva MegaMix,NS_b,Sega,Sega,7,,,0.15m,,,,,,5/15/2020,1/24/2020,#VALUE!,,0,0,
Golf With Your Friends,XOne_b,Team 17,Blacklight Interactive,,,,,,,,,,5/19/2020,4/30/2020,#VALUE!,,0,0,
Golf With Your Friends,PS4_b,Team 17,Blacklight Interactive,,,,,,,,,,5/19/2020,4/30/2020,#VALUE!,,0,0,
Golf With Your Friends,NS_b,Team 17,Blacklight Interactive,,,,,,,,,,5/19/2020,4/30/2020,#VALUE!,,0,0,
The Wonderful 101: Remastered,PS4_b,PlatinumGames,PlatinumGames,,,,,,,,,,5/19/2020,2/13/2020,#VALUE!,,0,0,
The Wonderful 101: Remastered,PC_b,PlatinumGames,PlatinumGames,6,,,,,,,,,5/19/2020,2/13/2020,#VALUE!,,0,0,
The Wonderful 101: Remastered,NS_b,PlatinumGames,PlatinumGames,,,,,,,,,,5/19/2020,2/13/2020,#VALUE!,,0,0,
Cannibal Cuisine,PC_b,Rocket Vulture,Rocket Vulture,,,,,,,,,,5/20/2020,5/9/2020,#VALUE!,,0,0,
Cannibal Cuisine,NS_b,Rocket Vulture,Rocket Vulture,,,,,,,,,,5/20/2020,5/9/2020,#VALUE!,,0,0,
Biped,NS_b,bilibili,NEXT Studios,,,,,,,,,,5/21/2020,8/5/2019,#VALUE!,,0,0,
Crucible,PC_b,Amazon Game Studios,Relentless Software,,,,,,,,,,5/21/2020,5/22/2020,#VALUE!,,0,0,
Red Wings: Aces of the Sky,NS_b,All in! Games,All in! Games,6,,,,,,,,,5/21/2020,2/18/2020,#VALUE!,,0,0,
The Persistence,XOne_b,Perp Games,Firesprite,,,,,,,,,,5/21/2020,5/1/2020,#VALUE!,,0,0,
The Persistence,PC_b,Perp Games,Firesprite,,,,,,,,,,5/21/2020,5/1/2020,#VALUE!,,0,0,
The Persistence,NS_b,Perp Games,Firesprite,,,,,,,,,,5/21/2020,5/1/2020,#VALUE!,,0,0,
What the Golf?,NS_b,Tribute Games,Triband,9,,,,,,,,,5/21/2020,5/20/2020,#VALUE!,,0,0,
Maneater,PC_b,Tripwire Interactive,Tripwire Interactive,,,,,,,,,,5/22/2020,6/10/2019,#VALUE!,,0,0,
Maneater,XOne_b,Tripwire Interactive,Tripwire Interactive,,,,,,,,,,5/22/2020,12/16/2019,#VALUE!,,0,0,
Maneater,PS4_b,Tripwire Interactive,Tripwire Interactive,,,,,,,,,,5/22/2020,12/16/2019,#VALUE!,,0,0,
Monstrum,NS_b,Soedesco,Team Junkfish,,,,,,,,,,5/22/2020,8/13/2019,#VALUE!,,0,0,
Saints Row: The Third Remastered,XOne_b,THQ,Volition,,,,,,,,,,5/22/2020,4/13/2020,#VALUE!,,0,0,
Saints Row: The Third Remastered,PS4_b,THQ,Volition,7,,,,,,,,,5/22/2020,4/13/2020,#VALUE!,,0,0,
Saints Row: The Third Remastered,PC_b,THQ,Volition,,,,,,,,,,5/22/2020,4/13/2020,#VALUE!,,0,0,
Minecraft: Dungeons,PC_b,Microsoft Studios,Mojang,,,,,,,,,,5/26/2020,6/9/2019,#VALUE!,,0,0,
Minecraft: Dungeons,XOne_b,Microsoft Game Studios,Mojang,7,,,,,,,,,5/26/2020,6/9/2019,#VALUE!,,0,0,
Minecraft: Dungeons,PS4_b,Microsoft Game Studios,Mojang AB,,,,,,,,,,5/26/2020,6/19/2019,#VALUE!,,0,0,
Minecraft: Dungeons,NS_b,Microsoft Game Studios,Mojang AB,,,,,,,,,,5/26/2020,6/19/2019,#VALUE!,,0,0,
The Elder Scrolls Online: Greymoor,PC_b,Bethesda Softworks,ZeniMax Online Studios,,,,,,,,,,5/26/2020,1/16/2020,#VALUE!,,0,0,
Wildfire,PC_b,Humble Bundle,Sneaky Bastards,,,,,,,,,,5/26/2020,5/5/2020,#VALUE!,,0,0,
Phantasy Star Online 2,PC_b,Sega,Sonic Team,,,,,,,,,,5/27/2020,,#VALUE!,,0,0,
Bug Fables: The Everlasting Sapling,NS_b,Unknown,Moonsprout Games,,,,,,,,,,5/28/2020,12/22/2020,#VALUE!,,0,0,
Shantae and the Seven Sirens,XOne_b,WayForward,WayForward,,,,,,,,,,5/28/2020,10/2/2019,#VALUE!,,0,0,
Shantae and the Seven Sirens,PS4_b,WayForward,WayForward,,,,,,,,,,5/28/2020,10/2/2019,#VALUE!,,0,0,
Shantae and the Seven Sirens,PC_b,WayForward,WayForward,,,,,,,,,,5/28/2020,10/2/2019,#VALUE!,,0,0,
Shantae and the Seven Sirens,NS_b,WayForward,WayForward,7,,,,,,,,,5/28/2020,10/2/2019,#VALUE!,,0,0,
Xenoblade Chronicles: Definitive Edition,NS_b,Nintendo,Monolith Soft,7.5,,,1.88m,,,,,,5/29/2020,5/11/2020,#VALUE!,,0,0,
BioShock: The Collection,NS_b,2K Games,"Blind Squirrel Digital, Inc",,,,,,,,,,5/29/2020,4/3/2020,#VALUE!,,0,0,
Borderlands Legendary Collection,NS_b,Take-Two Interactive,Gearbox Software,,,,,,,,,,5/29/2020,3/31/2020,#VALUE!,,0,0,
Little Misfortune,NS_b,Killmonday Games,Killmonday Games,,,,,,,,,,5/29/2020,9/14/2021,#VALUE!,,0,0,
XCOM 2 Collection,NS_b,2K Games,Firaxis Games,,,,,,,,,,5/29/2020,3/31/2020,#VALUE!,,0,0,
Clubhouse Games: 51 Worldwide Classics,NS_b,Nintendo,Nintendo,8,,,4.64m,,,,,,6/5/2020,4/7/2020,#VALUE!,,0,0,
Command & Conquer Remastered Collection,PC_b,Electronic Arts,Petroglyph Games,,,,,,,,,,6/5/2020,4/7/2020,#VALUE!,,0,0,
The Outer Worlds,NS_b,Private Division,Virtuos,,,,,,,,,,6/5/2020,7/30/2019,#VALUE!,,0,0,
Project Warlock,PS4_b,Crunching Koalas,Buckshot Software,,,,,,,,,,6/9/2020,5/27/2020,#VALUE!,,0,0,
The Elder Scrolls Online: Greymoor,XOne_b,Bethesda Softworks,ZeniMax Online Studios,,,,,,,,,,6/9/2020,1/16/2020,#VALUE!,,0,0,
The Elder Scrolls Online: Greymoor,PS4_b,Bethesda Softworks,ZeniMax Online Studios,,,,,,,,,,6/9/2020,1/16/2020,#VALUE!,,0,0,
Ys: Memories of Celceta - Kai,PS4_b,Xseed Games,Nihon Falcom Corporation,8,,,,,,,,,6/9/2020,5/14/2019,#VALUE!,,0,0,
Journey,PC_b,Annapurna Interactive,thatgamecompany,,,,,,,,,,6/11/2020,3/26/2019,#VALUE!,,0,0,
Project Warlock,NS_b,Crunching Koalas,Buckshot Software,,,,,,,,,,6/11/2020,5/27/2020,#VALUE!,,0,0,
Demon's Tier+,PS4_b,EastAsiaSoft,Diabolical Mind,,,,,,,,,,6/12/2020,6/17/2020,#VALUE!,,0,0,
Demon's Tier+,PSV_b,EastAsiaSoft,Diabolical Mind,7,,,,,,,,,6/12/2020,6/17/2020,#VALUE!,,0,0,
Project Warlock,XOne_b,Crunching Koalas,Buckshot Software,,,,,,,,,,6/12/2020,5/27/2020,#VALUE!,,0,0,
Persona 4 Golden,PC_b,Sega,Atlus,,,,0.90m,,,,,,6/13/2020,8/5/2020,#VALUE!,,0,0,
Jump Rope Challenge,NS_b,Nintendo,Nintendo EPD,,,,,,,,,,6/15/2020,7/20/2020,#VALUE!,,0,0,
Desperados III,XOne_b,THQ Nordic,Mimimi Productions,,,,,,,,,,6/16/2020,4/9/2019,#VALUE!,,0,0,
Desperados III,PS4_b,THQ Nordic,Mimimi Productions,7,,,,,,,,,6/16/2020,4/9/2019,#VALUE!,,0,0,
Desperados III,PC_b,THQ Nordic,Mimimi Productions,,,,,,,,,,6/16/2020,4/9/2019,#VALUE!,,0,0,
Disintegration,XOne_b,Private Division,V1 Interactive,,,,,,,,,,6/16/2020,10/17/2019,#VALUE!,,0,0,
Disintegration,PC_b,Private Division,V1 Interactive,,,,,,,,,,6/16/2020,10/17/2019,#VALUE!,,0,0,
Disintegration,PS4_b,Private Division,V1 Interactive,,,,,,,,,,6/16/2020,10/17/2019,#VALUE!,,0,0,
Behold the Kickmen,NS_b,Ant Workshop,Size Five Games,,,,,,,,,,6/18/2020,4/17/2022,#VALUE!,,0,0,
The Last of Us Part II,PS4_b,Sony Interactive Entertainment,Naughty Dog,7,,,10.00m,,,,,,6/19/2020,7/25/2020,#VALUE!,,0,0,
Burnout Paradise Remastered,NS_b,Electronic Arts,Criterion Games,,,,,,,,,,6/19/2020,4/16/2020,#VALUE!,,0,0,
Azure Striker Gunvolt 2,PC_b,Inti Creates,Inti Creates,,,,,,,,,,6/22/2020,6/11/2020,#VALUE!,,0,0,
SpongeBob SquarePants: Battle for Bikini Bottom - Rehydrated,All_b,THQ Nordic,THQ Nordic,,,,2.00m,,,,,,6/23/2020,11/27/2020,#VALUE!,,0,0,
Duke Nukem 3D: 20th Anniversary World Tour,NS_b,Gearbox Publishing,Gearbox Software,,,,,,,,,,6/23/2020,6/19/2020,#VALUE!,,0,0,
Little Town Hero,NS_b,NIS America,Game Freak,,,,,,,,,,6/23/2020,7/26/2020,#VALUE!,,0,0,
Little Town Hero,PS4_b,Game Freak,Game Freak,,,,,,,,,,6/23/2020,4/7/2020,#VALUE!,,0,0,
PokÃƒÂ©mon CafÃƒÂ© Mix,NS_b,Nintendo,Genius Sonority Inc.,,,,,,,,,,6/23/2020,6/17/2020,#VALUE!,,0,0,
SpongeBob SquarePants: Battle for Bikini Bottom - Rehydrated,PS4_b,THQ Nordic,Purple Lamp,,,,,,,,,,6/23/2020,5/16/2022,#VALUE!,,0,0,
SpongeBob SquarePants: Battle for Bikini Bottom - Rehydrated,XOne_b,THQ Nordic,THQ Nordic,6,,,,,,,,,6/23/2020,9/29/2020,#VALUE!,,0,0,
SpongeBob SquarePants: Battle for Bikini Bottom - Rehydrated,PC_b,THQ Nordic,THQ Nordic,,,,,,,,,,6/23/2020,9/29/2020,#VALUE!,,0,0,
SpongeBob SquarePants: Battle for Bikini Bottom - Rehydrated,NS_b,THQ Nordic,THQ Nordic,,,,,,,,,,6/23/2020,1/31/2021,#VALUE!,,0,0,
Star Wars  Episode I: Racer,NS_b,Aspyr,LucasArts,,,,,,,,,,6/23/2020,11/8/2021,#VALUE!,,0,0,
Ninjala,NS_b,GungHo,GungHo,,,,,,,,,,6/24/2020,4/8/2019,#VALUE!,,0,0,
Brigandine: The Legend of Runersia,NS_b,Happinet,Matrix Software,,,,,,,,,,6/25/2020,5/10/2020,#VALUE!,,0,0,
Collar x Malice,NS_b,Aksys Games,Idea Factory,,,,,,,,,,6/25/2020,5/4/2020,#VALUE!,,0,0,
Death Come True,NS_b,Izanagi Games,Too Kyo Games,,,,,,,,,,6/25/2020,12/17/2019,#VALUE!,,0,0,
Death Come True,iOS_b,Izanagi Games,Too Kyo Games,,,,,,,,,,6/25/2020,12/17/2019,#VALUE!,,0,0,
Mr. Driller Drill Land,PC_b,Bandai Namco Entertainment,Bandai Namco Games,,,,,,,,,,6/25/2020,4/8/2020,#VALUE!,,0,0,
Mr. Driller Drill Land,NS_b,Bandai Namco Entertainment,Bandai Namco Games,,,,,,,,,,6/25/2020,4/8/2020,#VALUE!,,0,0,
Blaster Master Zero,PS4_b,Inti Creates,Inti Creates,,,,,,,,,,6/29/2020,5/27/2020,#VALUE!,,0,0,
Blaster Master Zero 2,PS4_b,Inti Creates,Inti Creates,,,,,,,,,,6/29/2020,5/27/2020,#VALUE!,,0,0,
The Legend of Heroes: Trails of Cold Steel III,NS_b,NIS America,Nihon Falcom Corporation,,,,,,,,,,6/30/2020,12/6/2019,#VALUE!,,0,0,
Marvel's Iron Man VR,PS4_b,Sony Interactive Entertainment,Camouflaj,7,,,,,,,,,7/3/2020,10/7/2019,#VALUE!,,0,0,
Catherine: Full Body,NS_b,Atlus,Atlus,,,,,,,,,,7/7/2020,3/30/2020,#VALUE!,,0,0,
Superliminal,XOne_b,Pillow Castle,Pillow Castle,,,,,,,,,,7/7/2020,7/1/2020,#VALUE!,,0,0,
Superliminal,PS4_b,Pillow Castle,Pillow Castle,,,,,,,,,,7/7/2020,7/1/2020,#VALUE!,,0,0,
Superliminal,NS_b,Pillow Castle,Pillow Castle,,,,,,,,,,7/7/2020,7/1/2020,#VALUE!,,0,0,
CrossCode,NS_b,Deck 13,Radical Fish Games,8,,,,,,,,,7/9/2020,4/8/2019,#VALUE!,,0,0,
CrossCode,XOne_b,DECK13 Interactive GmbH,Radical Fish Games,,,,,,,,,,7/9/2020,4/8/2019,#VALUE!,,0,0,
eBaseball Powerful Pro Baseball 2020,NS_b,Konami Digital Entertainment,Konami,,,,,,,,,,7/9/2020,7/17/2020,#VALUE!,,0,0,
eBaseball Powerful Pro Baseball 2020,PS4_b,Konami Digital Entertainment,Konami,,,,,,,,,,7/9/2020,7/17/2020,#VALUE!,,0,0,
Bloodstained: Curse of the Moon 2,NS_b,Inti Creates,Inti Creates,8,,,,,,,,,7/10/2020,6/27/2020,#VALUE!,,0,0,
Bloodstained: Curse of the Moon 2,PS4_b,Inti Creates,Inti Creates,,,,,,,,,,7/10/2020,6/27/2020,#VALUE!,,0,0,
Bloodstained: Curse of the Moon 2,XOne_b,Inti Creates,Inti Creates,,,,,,,,,,7/10/2020,6/27/2020,#VALUE!,,0,0,
Bloodstained: Curse of the Moon 2,PC_b,Inti Creates,Inti Creates,,,,,,,,,,7/10/2020,6/27/2020,#VALUE!,,0,0,
Deadly Premonition 2: A Blessing in Disguise,NS_b,Rising Star Games,Toybox Games,3,,,,,,,,,7/10/2020,5/16/2020,#VALUE!,,0,0,
F1 2020,XOne_b,Codemasters,Codemasters Birmingham,,,,,,,,,,7/10/2020,4/16/2020,#VALUE!,,0,0,
F1 2020,PS4_b,Codemasters,Codemasters Birmingham,,,,,,,,,,7/10/2020,4/16/2020,#VALUE!,,0,0,
F1 2020,PC_b,Codemasters,Codemasters Birmingham,,,,,,,,,,7/10/2020,4/16/2020,#VALUE!,,0,0,
NASCAR Heat 5,XOne_b,Motorsport Games,704Games,,,,,,,,,,7/10/2020,6/3/2020,#VALUE!,,0,0,
NASCAR Heat 5,PS4_b,Motorsport Games,704Games,,,,,,,,,,7/10/2020,6/3/2020,#VALUE!,,0,0,
NASCAR Heat 5,PC_b,Motorsport Games,704Games,,,,,,,,,,7/10/2020,6/3/2020,#VALUE!,,0,0,
Sword Art Online: Alicization Lycoris,PS4_b,Bandai Namco Entertainment,Bandai Namco Games,5,,,,,,,,,7/10/2020,3/30/2019,#VALUE!,,0,0,
Sword Art Online: Alicization Lycoris,XOne_b,Bandai Namco Entertainment,Bandai Namco,,,,,,,,,,7/10/2020,3/30/2019,#VALUE!,,0,0,
Sword Art Online: Alicization Lycoris,PC_b,Bandai Namco Entertainment,Bandai Namco Games,,,,,,,,,,7/10/2020,3/30/2019,#VALUE!,,0,0,
Hyper Scape,PC_b,Ubisoft,Ubisoft Montreal,,,,,,,,,,7/12/2020,7/8/2020,#VALUE!,,0,0,
Death Stranding,PC_b,505 Games,Kojima Productions,,,,,,,,,,7/14/2020,12/17/2019,#VALUE!,,0,0,
Neon Abyss,NS_b,Team 17,Veewo Games,,,,,,,,,,7/14/2020,8/8/2019,#VALUE!,,0,0,
Rocket Arena,PS4_b,Electronic Arts,Final Strike Games,,,,,,,,,,7/14/2020,6/19/2020,#VALUE!,,0,0,
Rocket Arena,XOne_b,Electronic Arts,Final Strike Games,6,,,,,,,,,7/14/2020,6/19/2020,#VALUE!,,0,0,
Rocket Arena,PC_b,Electronic Arts,Final Strike Games,,,,,,,,,,7/14/2020,6/19/2020,#VALUE!,,0,0,
Story of Seasons: Friends of Mineral Town,NS_b,Xseed Games,Marvelous,,,,,,,,,,7/14/2020,5/11/2020,#VALUE!,,0,0,
REZ PLZ,XOne_b,Long Neck Games,Long Neck Games,,,,,,,,,,7/15/2020,8/14/2019,#VALUE!,,0,0,
REZ PLZ,PC_b,Long Neck Games,Long Neck Games,,,,,,,,,,7/15/2020,8/14/2019,#VALUE!,,0,0,
REZ PLZ,NS_b,Long Neck Games,Long Neck Games,,,,,,,,,,7/15/2020,8/14/2019,#VALUE!,,0,0,
Superhot: Mind Control Delete,XOne_b,SUPERHOT Team,SUPERHOT Team,,,,,,,,,,7/16/2020,7/13/2020,#VALUE!,,0,0,
Superhot: Mind Control Delete,PS4_b,SUPERHOT Team,SUPERHOT Team,,,,,,,,,,7/16/2020,7/13/2020,#VALUE!,,0,0,
Superhot: Mind Control Delete,PC_b,SUPERHOT Team,SUPERHOT Team,,,,,,,,,,7/16/2020,7/13/2020,#VALUE!,,0,0,
Ghost of Tsushima,All_b,Sony Interactive Entertainment,Sucker Punch,,,,9.73m,,,,,,7/17/2020,7/16/2022,#VALUE!,,0,0,
Ghost of Tsushima,PS4_b,Sony Interactive Entertainment,Sucker Punch,5,8.8,,8.00m,,,,,,7/17/2020,7/10/2020,#VALUE!,,0,0,
Paper Mario: The Origami King,NS_b,Nintendo,Intelligent Systems,8,,9,3.47m,,,,,,7/17/2020,8/1/2020,#VALUE!,,0,0,
Death Come True,PC_b,Izanagi Games,Too Kyo Games,,,,,,,,,,7/17/2020,12/17/2019,#VALUE!,,0,0,
Rock of Ages III: Make & Break,XOne_b,Modus Games,ACE Team,,,,,,,,,,7/21/2020,6/5/2020,#VALUE!,,0,0,
Rock of Ages III: Make & Break,PS4_b,Modus Games,ACE Team,,,,,,,,,,7/21/2020,6/5/2020,#VALUE!,,0,0,
Rock of Ages III: Make & Break,PC_b,Modus Games,ACE Team,,,,,,,,,,7/21/2020,6/5/2020,#VALUE!,,0,0,
Rock of Ages III: Make & Break,NS_b,Modus Games,ACE Team,7,,,,,,,,,7/21/2020,6/5/2020,#VALUE!,,0,0,
Carrion,XOne_b,Devolver Digital,Phobia Game Studio,7,,,,,,,,,7/23/2020,5/23/2020,#VALUE!,,0,0,
Carrion,PC_b,Devolver Digital,Phobia Game Studio,,,,,,,,,,7/23/2020,5/23/2020,#VALUE!,,0,0,
Carrion,NS_b,Devolver Digital,Phobia Game Studio,,,,,,,,,,7/23/2020,7/13/2020,#VALUE!,,0,0,
Crysis Remastered,NS_b,Crytek,Crytek,,,,,,,,,,7/23/2020,5/26/2020,#VALUE!,,0,0,
Carrion,All_b,Devolver Digital,Phobia Game Studio,,,,0.20m,,,,,,7/23/2020,2/19/2021,#VALUE!,,0,0,
Need a Packet?,NS_b,Marginal act,Marginal act,,,,,,,,,,7/24/2020,7/18/2020,#VALUE!,,0,0,
Tannenberg,XOne_b,M2H,M2H,,,,,,,,,,7/24/2020,7/2/2020,#VALUE!,,0,0,
Tannenberg,PS4_b,M2H,M2H,,,,,,,,,,7/24/2020,7/2/2020,#VALUE!,,0,0,
Destroy All Humans! (2020),All_b,THQ Nordic,Black Forest Games,,,,1.00m,,,,,,7/28/2020,7/8/2021,#VALUE!,,0,0,
Cuphead,PS4_b,Studio MDHR,Studio MDHR,,,,,,,,,,7/28/2020,8/1/2020,#VALUE!,,0,0,
Destroy All Humans!,PS4_b,THQ Nordic,Pandemic Studios,,,,,,,,,,7/28/2020,6/18/2019,#VALUE!,,0,0,
Destroy All Humans!,XOne_b,THQ Nordic,Black Forest Games,,,,,,,,,,7/28/2020,6/18/2019,#VALUE!,,0,0,
Destroy All Humans!,PC_b,THQ Nordic,Black Forest Games,,,,,,,,,,7/28/2020,6/18/2019,#VALUE!,,0,0,
Grounded,XOne_b,Xbox Game Studios,Obsidian Entertainment,,,,,,,,,,7/28/2020,11/14/2019,#VALUE!,,0,0,
Grounded,PC_b,Xbox Game Studios,Obsidian Entertainment,,,,,,,,,,7/28/2020,11/23/2019,#VALUE!,,0,0,
Lost Wing,PS4_b,2Awesome Studio,BoxFrog Games,,,,,,,,,,7/28/2020,7/25/2019,#VALUE!,,0,0,
Lost Wing,XOne_b,2Awesome Studio,BoxFrog Games,,,,,,,,,,7/29/2020,7/25/2019,#VALUE!,,0,0,
Fight Crab,PC_b,Playism,Calappa Games,,,,,,,,,,7/30/2020,7/27/2020,#VALUE!,,0,0,
Hakuoki Shinkai: Ginsei no Sho,NS_b,Idea Factory,Idea Factory,,,,,,,,,,7/30/2020,5/9/2020,#VALUE!,,0,0,
Hellpoint,XOne_b,TinyBuild Games,Cradle Games,6,,,,,,,,,7/30/2020,6/4/2020,#VALUE!,,0,0,
Hellpoint,PS4_b,TinyBuild Games,Cradle Games,,,,,,,,,,7/30/2020,6/4/2020,#VALUE!,,0,0,
Hellpoint,PC_b,TinyBuild Games,Cradle Games,,,,,,,,,,7/30/2020,6/4/2020,#VALUE!,,0,0,
Hellpoint,NS_b,TinyBuild Games,Cradle Games,,,,,,,,,,7/30/2020,6/4/2020,#VALUE!,,0,0,
Mobile Suit Gundam Extreme VS. Maxiboost ON,PS4_b,Bandai Namco Games,Namco Bandai Games,,,,,,,,,,7/30/2020,4/14/2020,#VALUE!,,0,0,
Root Film,PS4_b,Kadokawa Games,Kadokawa Games,,,,,,,,,,7/30/2020,5/9/2020,#VALUE!,,0,0,
Root Film,NS_b,Kadokawa Games,Kadokawa Games,,,,,,,,,,7/30/2020,5/9/2020,#VALUE!,,0,0,
Yakuza Kiwami 2,XOne_b,Sega,Sega,,,,,,,,,,7/30/2020,7/14/2020,#VALUE!,,0,0,
"Yoru, Tomosu",PS4_b,Nippon Ichi Software,Nippon Ichi Software,,,,,,,,,,7/30/2020,5/9/2020,#VALUE!,,0,0,
"Yoru, Tomosu",NS_b,Nippon Ichi Software,Nippon Ichi Software,,,,,,,,,,7/30/2020,5/9/2020,#VALUE!,,0,0,
Fairy Tail,PS4_b,Koei Tecmo,Gust,,,,,,,,,,7/31/2020,12/2/2019,#VALUE!,,0,0,
Fairy Tail,PC_b,Koei Tecmo,Gust,,,,,,,,,,7/31/2020,12/2/2019,#VALUE!,,0,0,
Fairy Tail,NS_b,Koei Tecmo,Gust,,,,,,,,,,7/31/2020,12/2/2019,#VALUE!,,0,0,
Lost Wing,PC_b,2Awesome Studio,BoxFrog Games,,,,,,,,,,7/31/2020,7/25/2019,#VALUE!,,0,0,
Lost Wing,NS_b,2Awesome Studio,BoxFrog Games,,,,,,,,,,7/31/2020,7/25/2019,#VALUE!,,0,0,
Fairy Tail,All_b,Koei Tecmo,Gust,,,,0.31m,,,,,,7/31/2020,2/7/2021,#VALUE!,,0,0,
Fall Guys: Ultimate Knockout,PC_b,Devolver Digital,Mediatonic,,,,11.00m,,,,,,8/4/2020,7/14/2020,#VALUE!,,0,0,
Fall Guys: Ultimate Knockout,PS4_b,Devolver Digital,Mediatonic,,,,,,,,,,8/4/2020,7/14/2020,#VALUE!,,0,0,
Fall Guys: Ultimate Knockout,All_b,Devolver Digital,Mediatonic,,,,,,,,,,8/4/2020,2/18/2021,#VALUE!,,0,0,
Horizon: Zero Dawn,PC_b,PlayStation Mobile Inc.,Guerrilla Games,,,,2.40m,,,,,,8/7/2020,8/5/2020,#VALUE!,,0,0,
Fast & Furious Crossroads,XOne_b,Bandai Namco Entertainment,Slightly Mad Studios,,,,,,,,,,8/7/2020,1/8/2020,#VALUE!,,0,0,
Fast & Furious Crossroads,PS4_b,Bandai Namco Entertainment,Slightly Mad Studios,,,,,,,,,,8/7/2020,1/8/2020,#VALUE!,,0,0,
Fast & Furious Crossroads,PC_b,Bandai Namco Entertainment,Slightly Mad Studios,,,,,,,,,,8/7/2020,1/8/2020,#VALUE!,,0,0,
Hyper Scape,XOne_b,Ubisoft,Ubisoft Montreal,,,,,,,,,,8/11/2020,7/8/2020,#VALUE!,,0,0,
Hyper Scape,PS4_b,Ubisoft,Ubisoft Montreal,,,,,,,,,,8/11/2020,7/8/2020,#VALUE!,,0,0,
Risk of Rain 2,XOne_b,Gearbox Publishing,Hopoo Games,,,,,,,,,,8/11/2020,5/29/2020,#VALUE!,,0,0,
Risk of Rain 2,PS4_b,Gearbox Publishing,Hopoo Games,,,,,,,,,,8/11/2020,5/29/2020,#VALUE!,,0,0,
Risk of Rain 2,NS_b,Gearbox Publishing,Hopoo Games,,,,,,,,,,8/11/2020,5/29/2020,#VALUE!,,0,0,
Banner of the Maid,NS_b,CE-Asia,Azure Flame Studio,,,,,,,,,,8/12/2020,10/9/2020,#VALUE!,,0,0,
A Total War Saga: Troy,PC_b,Sega,Creative Assembly,,,,,,,,,,8/13/2020,10/20/2019,#VALUE!,,0,0,
Bite the Bullet,XOne_b,Graffiti,Mega Cat Studios,,,,,,,,,,8/13/2020,8/13/2019,#VALUE!,,0,0,
Bite the Bullet,PC_b,Graffiti,Mega Cat Studios,,,,,,,,,,8/13/2020,8/13/2019,#VALUE!,,0,0,
Bite the Bullet,NS_b,Graffiti,Mega Cat Studios,,,,,,,,,,8/13/2020,8/13/2019,#VALUE!,,0,0,
Boomerang Fu,NS_b,Cranky Watermelon,Cranky Watermelon,,,,,,,,,,8/13/2020,11/8/2021,#VALUE!,,0,0,
Boomerang Fu,XOne_b,Cranky Watermelon,Cranky Watermelon,,,,,,,,,,8/13/2020,11/8/2021,#VALUE!,,0,0,
Boomerang Fu,PC_b,Cranky Watermelon,Cranky Watermelon,,,,,,,,,,8/13/2020,11/8/2021,#VALUE!,,0,0,
Collar x Malice: Unlimited,NS_b,Aksys Games,Idea Factory,,,,,,,,,,8/13/2020,5/13/2020,#VALUE!,,0,0,
EA Sports UFC 4,XOne_b,EA Sports,Electronic Arts,,,,,,,,,,8/14/2020,7/14/2020,#VALUE!,,0,0,
EA Sports UFC 4,PS4_b,EA Sports,Electronic Arts,,,,,,,,,,8/14/2020,7/14/2020,#VALUE!,,0,0,
Microsoft Flight Simulator (2020),PC_b,Xbox Game Studios,Asobo Studio,,,,1.00m,,,,,,8/18/2020,8/4/2020,#VALUE!,,0,0,
Spiritfarer,All_b,Thunder Lotus Games,Thunder Lotus Games,,,,1.00m,,,,,,8/18/2020,4/20/2021,#VALUE!,,0,0,
Mortal Shell,XOne_b,Playstack,Cold Symmetry,,,,,,,,,,8/18/2020,8/16/2020,#VALUE!,,0,0,
Mortal Shell,PS4_b,Playstack,Cold Symmetry,8,,,,,,,,,8/18/2020,8/16/2020,#VALUE!,,0,0,
Mortal Shell,PC_b,Playstack,Cold Symmetry,,,,,,,,,,8/18/2020,8/16/2020,#VALUE!,,0,0,
Spiritfarer,NS_b,Thunder Lotus Games,Thunder Lotus Games,8,,,,,,,,,8/18/2020,8/6/2019,#VALUE!,,0,0,
Battletoads (2020),XOne_b,Xbox Game Studios,Dlala Studios,7,,,,,,,,,8/20/2020,12/18/2019,#VALUE!,,0,0,
Battletoads (2020),PC_b,Xbox Game Studios,Dlala Studios,,,,,,,,,,8/20/2020,12/18/2019,#VALUE!,,0,0,
Cupid Parasite,NS_b,Idea Factory,Idea Factory,,,,,,,,,,8/20/2020,5/11/2020,#VALUE!,,0,0,
Shakedown: Hawaii,WiiU_b,Vblank Entertainment Inc.,Vblank Entertainment Inc.,,,,,,,,,,8/20/2020,9/16/2020,#VALUE!,,0,0,
PGA Tour 2K21,All_b,2K Sports,HB Studios,,,,3.00m,,,,,,8/21/2020,11/6/2020,#VALUE!,,0,0,
Aokana: Four Rhythm Across the Blue,PS4_b,Sprite,Sprite,,,,,,,,,,8/21/2020,5/11/2020,#VALUE!,,0,0,
Aokana: Four Rhythm Across the Blue,NS_b,Sprite,Sprite,,,,,,,,,,8/21/2020,5/11/2020,#VALUE!,,0,0,
New Super Lucky's Tale,XOne_b,Microsoft Studios,Playful Corp.,,,,,,,,,,8/21/2020,6/10/2020,#VALUE!,,0,0,
New Super Lucky's Tale,PS4_b,Playful,Playful Corp.,,,,,,,,,,8/21/2020,6/10/2020,#VALUE!,,0,0,
Paratopic,NS_b,Baltoro Games,Arbitrary Metric,,,,,,,,,,8/21/2020,11/8/2021,#VALUE!,,0,0,
PGA Tour 2K21,XOne_b,2K Sports,HB Studios,,,,,,,,,,8/21/2020,5/16/2020,#VALUE!,,0,0,
PGA Tour 2K21,PS4_b,2K Sports,HB Studios,,,,,,,,,,8/21/2020,5/16/2020,#VALUE!,,0,0,
PGA Tour 2K21,PC_b,2K Sports,HB Studios,,,,,,,,,,8/21/2020,5/16/2020,#VALUE!,,0,0,
PGA Tour 2K21,NS_b,2K Sports,HB Studios,,,,,,,,,,8/21/2020,5/16/2020,#VALUE!,,0,0,
Samurai Jack: Battle Through Time,XOne_b,Adult Swim,Soleil Software Studio Inc.,,,,,,,,,,8/21/2020,7/21/2020,#VALUE!,,0,0,
Samurai Jack: Battle Through Time,PS4_b,Adult Swim,Soleil Software Studio Inc.,,,,,,,,,,8/21/2020,7/21/2020,#VALUE!,,0,0,
Samurai Jack: Battle Through Time,PC_b,Adult Swim,Soleil Software Studio Inc.,,,,,,,,,,8/21/2020,7/21/2020,#VALUE!,,0,0,
Samurai Jack: Battle Through Time,NS_b,Adult Swim,Soleil Software Studio Inc.,,,,,,,,,,8/21/2020,7/21/2020,#VALUE!,,0,0,
Aokana: Four Rhythm Across the Blue,PS4_b,Sprite,Sprite,,,,,0.03m,,,0.03m,,8/21/2020,4/7/2018,0.03,,0.03,0.03,
Aokana: Four Rhythm Across the Blue,NS_b,Sprite,Sprite,,,,,0.00m,,,0.00m,,8/21/2020,4/7/2018,0.00,,0.00,0,
Cinders,PS4_b,Crunching Koalas,MoaCube,,,,,,,,,,8/25/2020,8/20/2020,#VALUE!,,0,0,
Kandagawa Jet Girls,PS4_b,Marvelous,Marvelous,,,,,,,,,,8/25/2020,8/6/2019,#VALUE!,,0,0,
Kandagawa Jet Girls,PC_b,Xseed Games,Marvelous,,,,,,,,,,8/25/2020,6/8/2020,#VALUE!,,0,0,
Cinders,XOne_b,Crunching Koalas,MoaCube,,,,,,,,,,8/26/2020,8/20/2020,#VALUE!,,0,0,
Control: AWE,XOne_b,505 Games,Remedy Entertainment,8,,,,,,,,,8/27/2020,9/27/2020,#VALUE!,,0,0,
Control: AWE,PS4_b,505 Games,Remedy Entertainment,,,,,,,,,,8/27/2020,9/27/2020,#VALUE!,,0,0,
Control: AWE,PC_b,505 Games,Remedy Entertainment,,,,,,,,,,8/27/2020,9/27/2020,#VALUE!,,0,0,
Final Fantasy Crystal Chronicles: Remastered Edition,NS_b,Square Enix,Square Enix,,,,,,,,,,8/27/2020,4/10/2019,#VALUE!,,0,0,
Final Fantasy Crystal Chronicles: Remastered Edition,PS4_b,Square Enix,Square Enix,,,,,,,,,,8/27/2020,4/10/2019,#VALUE!,,0,0,
Final Fantasy Crystal Chronicles: Remastered Edition,iOS_b,Square Enix,Square Enix,,,,,,,,,,8/27/2020,6/10/2019,#VALUE!,,0,0,
Final Fantasy Crystal Chronicles: Remastered Edition,And_b,Square Enix,Square Enix,,,,,,,,,,8/27/2020,6/10/2019,#VALUE!,,0,0,
Moon: Remix RPG Adventure,NS_b,Onion Games,Lovedelic,,,,,,,,,,8/27/2020,8/1/2020,#VALUE!,,0,0,
Surgeon Simulator 2,PC_b,Bossa Studios,Bossa Studios,,,,,,,,,,8/27/2020,6/20/2020,#VALUE!,,0,0,
Tell Me Why,XOne_b,Xbox Game Studios,DONTNOD Entertainment,,,,,,,,,,8/27/2020,11/26/2019,#VALUE!,,0,0,
Tell Me Why,PC_b,Xbox Game Studios,DONTNOD Entertainment,,,,,,,,,,8/27/2020,11/26/2019,#VALUE!,,0,0,
Captain Tsubasa: Rise of New Champions,PS4_b,Bandai Namco Entertainment,Tamsoft,,,,,,,,,,8/28/2020,5/23/2020,#VALUE!,,0,0,
Captain Tsubasa: Rise of New Champions,PC_b,Bandai Namco Entertainment,Tamsoft,,,,,,,,,,8/28/2020,5/23/2020,#VALUE!,,0,0,
Captain Tsubasa: Rise of New Champions,NS_b,Bandai Namco Entertainment,Tamsoft,,,,,,,,,,8/28/2020,5/23/2020,#VALUE!,,0,0,
Immortal Realms: Vampire Wars,XOne_b,Kalypso Media,Palindrome Interactive,,,,,,,,,,8/28/2020,5/12/2020,#VALUE!,,0,0,
Immortal Realms: Vampire Wars,PS4_b,Kalypso Media,Palindrome Interactive,7,,,,,,,,,8/28/2020,5/12/2020,#VALUE!,,0,0,
Immortal Realms: Vampire Wars,PC_b,Kalypso Media,Palindrome Interactive,,,,,,,,,,8/28/2020,5/12/2020,#VALUE!,,0,0,
Immortal Realms: Vampire Wars,NS_b,Kalypso Media,Palindrome Interactive,,,,,,,,,,8/28/2020,5/12/2020,#VALUE!,,0,0,
Jump Force,NS_b,Bandai Namco Entertainment,Spike Chunsoft,,,,,,,,,,8/28/2020,6/5/2020,#VALUE!,,0,0,
Madden NFL 21,XOne_b,Electronic Arts,EA Tiburon,,,,,,,,,,8/28/2020,5/7/2020,#VALUE!,,0,0,
Madden NFL 21,PS4_b,Electronic Arts,EA Tiburon,,,,,,,,,,8/28/2020,5/7/2020,#VALUE!,,0,0,
Madden NFL 21,PC_b,Electronic Arts,EA Tiburon,,,,,,,,,,8/28/2020,5/7/2020,#VALUE!,,0,0,
Nexomon: Extinction,NS_b,PQube,"LIME TURTLE, INC.",,,,,,,,,,8/28/2020,1/17/2021,#VALUE!,,0,0,
Project CARS 3,XOne_b,Bandai Namco Entertainment,Slightly Mad Studios,,,,,,,,,,8/28/2020,6/29/2020,#VALUE!,,0,0,
Project CARS 3,PS4_b,Bandai Namco Entertainment,Slightly Mad Studios,,,,,,,,,,8/28/2020,6/29/2020,#VALUE!,,0,0,
Project CARS 3,PC_b,Bandai Namco Entertainment,Slightly Mad Studios,,,,,,,,,,8/28/2020,6/29/2020,#VALUE!,,0,0,
Captain Tsubasa: Rise of New Champions,All_b,Bandai Namco Entertainment,Tamsoft,,,,0.50m,,,,,,8/28/2020,2/19/2021,#VALUE!,,0,0,
Windbound,XOne_b,Deep Silver,5 Lives Studios,,,,,,,,,,8/28/2020,7/6/2020,#VALUE!,,0,0,
Windbound,PS4_b,Deep Silver,5 Lives Studios,,,,,,,,,,8/28/2020,7/6/2020,#VALUE!,,0,0,
Windbound,PC_b,Deep Silver,5 Lives Studios,,,,,,,,,,8/28/2020,7/6/2020,#VALUE!,,0,0,
Windbound,NS_b,Deep Silver,5 Lives Studios,4,,,,,,,,,8/28/2020,7/6/2020,#VALUE!,,0,0,
Crusader Kings III,PC_b,Paradox Interactive,Paradox Interactive,,,,1.00m,,,,,,9/1/2020,10/29/2019,#VALUE!,,0,0,
Iron Harvest,PC_b,Deep Silver,KING Art Games,,,,,,,,,,9/1/2020,1/27/2020,#VALUE!,,0,0,
Iron Harvest,XOne_b,Deep Silver,KING Art Games,,,,,,,,,,9/1/2020,1/27/2020,#VALUE!,,0,0,
Iron Harvest,PS4_b,Deep Silver,KING Art Games,,,,,,,,,,9/1/2020,1/27/2020,#VALUE!,,0,0,
Ary and the Secret of Seasons,XOne_b,Modus Games,eXiin,,,,,,,,,,9/1/2020,8/10/2019,#VALUE!,,0,0,
Ary and the Secret of Seasons,PS4_b,Modus Games,eXiin,,,,,,,,,,9/1/2020,8/10/2019,#VALUE!,,0,0,
Ary and the Secret of Seasons,PC_b,Modus Games,eXiin,,,,,,,,,,9/1/2020,8/10/2019,#VALUE!,,0,0,
Ary and the Secret of Seasons,NS_b,Modus Games,eXiin,,,,,,,,,,9/1/2020,8/10/2019,#VALUE!,,0,0,
MX vs. ATV All Out,NS_b,THQ Nordic,Rainbow Studios,,,,,,,,,,9/1/2020,7/7/2020,#VALUE!,,0,0,
Spellbreak,XOne_b,Proletariat Inc.,Proletariat Inc.,,,,,,,,,,9/3/2020,8/30/2020,#VALUE!,,0,0,
Spellbreak,PS4_b,Proletariat Inc.,Proletariat Inc.,,,,,,,,,,9/3/2020,8/30/2020,#VALUE!,,0,0,
Spellbreak,PC_b,Proletariat Inc.,Proletariat Inc.,,,,,,,,,,9/3/2020,8/30/2020,#VALUE!,,0,0,
Spellbreak,NS_b,Proletariat Inc.,Proletariat Inc.,,,,,,,,,,9/3/2020,8/30/2020,#VALUE!,,0,0,
WRC 9,XOne_b,Nacon,Kylotonn,,,,,,,,,,9/3/2020,6/17/2020,#VALUE!,,0,0,
WRC 9,PS4_b,Nacon,Kylotonn,,,,,,,,,,9/3/2020,6/17/2020,#VALUE!,,0,0,
WRC 9,PC_b,Nacon,Kylotonn,,,,,,,,,,9/3/2020,6/17/2020,#VALUE!,,0,0,
WRC 9,NS_b,Nacon,Kylotonn,,,,,,,,,,9/3/2020,6/17/2020,#VALUE!,,0,0,
NBA 2K21,All_b,2K Sports,Visual Concepts,,,,11.00m,,,,,,9/4/2020,11/6/2020,#VALUE!,,0,0,
Tony Hawk's Pro Skater 1 + 2,All_b,Activision,Vicarious Visions,,,,1.00m,,,,,,9/4/2020,11/3/2020,#VALUE!,,0,0,
Doraemon Story of Seasons,PS4_b,Bandai Namco Entertainment,Marvelous,,,,,,,,,,9/4/2020,5/8/2020,#VALUE!,,0,0,
Marvel's Avengers,PC_b,Square Enix,Crystal Dynamics,,,,,,,,,,9/4/2020,6/18/2019,#VALUE!,,0,0,
Marvel's Avengers,XOne_b,Square Enix,Crystal Dynamics,,,,,,,,,,9/4/2020,6/18/2019,#VALUE!,,0,0,
Marvel's Avengers,PS4_b,Square Enix,Crystal Dynamics,,,,,,,,,,9/4/2020,6/18/2019,#VALUE!,,0,0,
NBA 2K21,XOne_b,2K Sports,Visual Concepts,,,,,,,,,,9/4/2020,6/14/2020,#VALUE!,,0,0,
NBA 2K21,PS4_b,2K Sports,Visual Concepts,,,,,,,,,,9/4/2020,6/14/2020,#VALUE!,,0,0,
NBA 2K21,PC_b,2K Sports,Visual Concepts,,,,,,,,,,9/4/2020,6/14/2020,#VALUE!,,0,0,
NBA 2K21,NS_b,2K Sports,Visual Concepts,,,,,,,,,,9/4/2020,6/14/2020,#VALUE!,,0,0,
Tony Hawk's Pro Skater 1 + 2,PS4_b,Activision,Vicarious Visions,,,,,,,,,,9/4/2020,1/30/2021,#VALUE!,,0,0,
Tony Hawk's Pro Skater 1 + 2,XOne_b,Activision,Vicarious Visions,8,,8.6,,,,,,,9/4/2020,1/31/2021,#VALUE!,,0,0,
Tony Hawk's Pro Skater 1 + 2,PC_b,Activision,Vicarious Visions,,,,,,,,,,9/4/2020,1/31/2021,#VALUE!,,0,0,
Deadly Premonition Origins,NS_b,Toybox,Toybox Games,,,,,,,,,,9/5/2020,5/11/2020,#VALUE!,,0,0,
AVICII Invector,NS_b,Wired Productions,Wired Productions,,,,,,,,,,9/8/2020,8/17/2020,#VALUE!,,0,0,
Kingdoms of Amalur: Re-Reckoning,XOne_b,THQ Nordic,Kaiko,,,,,,,,,,9/8/2020,7/9/2020,#VALUE!,,0,0,
Kingdoms of Amalur: Re-Reckoning,PS4_b,THQ Nordic,Kaiko,7,,,,,,,,,9/8/2020,7/9/2020,#VALUE!,,0,0,
Kingdoms of Amalur: Re-Reckoning,PC_b,THQ Nordic,Kaiko,,,,,,,,,,9/8/2020,7/9/2020,#VALUE!,,0,0,
Shakedown: Hawaii,Wii_b,Vblank Entertainment Inc.,Vblank Entertainment Inc.,,,,,,,,,,9/9/2020,6/26/2020,#VALUE!,,0,0,
Metal Max Xeno: Reborn,PS4_b,Kadokawa Games,Kadokawa Games,,,,,,,,,,9/10/2020,5/16/2020,#VALUE!,,0,0,
Metal Max Xeno: Reborn,NS_b,Kadokawa Games,Kadokawa Games,,,,,,,,,,9/10/2020,5/16/2020,#VALUE!,,0,0,
BPM: Bullets Per Minute,PC_b,Awe Interactive,Awe Interactive,,,,,,,,,,9/15/2020,7/29/2020,#VALUE!,,0,0,
Fight Crab,NS_b,Playism,Calappa Games,,,,,,,,,,9/15/2020,7/27/2020,#VALUE!,,0,0,
Spelunky 2,PS4_b,BlitWorks,"Mossmouth, LLC",,,,,,,,,,9/15/2020,7/2/2019,#VALUE!,,0,0,
Hades,All_b,Supergiant Games,Supergiant Games,,,,1.00m,,,,,,9/17/2020,12/27/2020,#VALUE!,,0,0,
Hades,NS_b,Supergiant Games,Supergiant Games,,,,,,,,,,9/17/2020,9/17/2020,#VALUE!,,0,0,
Ori and the Will of the Wisps,NS_b,iam8bit,Moon Studios,,,9.7,,,,,,,9/17/2020,9/17/2020,#VALUE!,,0,0,
Super Mario 3D All-Stars,NS_b,Nintendo,Nintendo,7,,,9.07m,,,,,,9/18/2020,9/4/2020,#VALUE!,,0,0,
Crysis Remastered,XOne_b,Crytek,Crytek,,,,,,,,,,9/18/2020,5/26/2020,#VALUE!,,0,0,
Crysis Remastered,PS4_b,Crytek,Crytek,,,,,,,,,,9/18/2020,5/26/2020,#VALUE!,,0,0,
Crysis Remastered,PC_b,Crytek,Crytek,,,,,,,,,,9/18/2020,5/26/2020,#VALUE!,,0,0,
WWE 2K Battlegrounds,XOne_b,2K Sports,Saber Interactive,,,,,,,,,,9/18/2020,7/9/2020,#VALUE!,,0,0,
WWE 2K Battlegrounds,PS4_b,2K Sports,Saber Interactive,,,,,,,,,,9/18/2020,7/9/2020,#VALUE!,,0,0,
WWE 2K Battlegrounds,PC_b,2K Sports,Saber Interactive,,,,,,,,,,9/18/2020,7/9/2020,#VALUE!,,0,0,
WWE 2K Battlegrounds,NS_b,2K Sports,Saber Interactive,,,,,,,,,,9/18/2020,7/9/2020,#VALUE!,,0,0,
13 Sentinels: Aegis Rim,All_b,Sega,Vanillaware,,,,1.00m,,,,,,9/22/2020,11/28/2022,#VALUE!,,0,0,
13 Sentinels: Aegis Rim,PS4_b,Atlus,Vanillaware,8,,,0.50m,,,,,,9/22/2020,3/22/2019,#VALUE!,,0,0,
art of rally,PC_b,Funselektor Labs Inc.,Funselektor Labs Inc.,,,,,,,,,,9/23/2020,1/13/2021,#VALUE!,,0,0,
Twin Breaker: A Sacred Symbols Adventure,All_b,Lillymo Games Inc,Lillymo Games Inc,,,,0.01m,,,,,,9/23/2020,2/19/2021,#VALUE!,,0,0,
Going Under,NS_b,Team 17,Team17,,,,,,,,,,9/24/2020,4/17/2022,#VALUE!,,0,0,
Kirby Fighters 2,NS_b,Nintendo,HAL Laboratory,,,,,,,,,,9/24/2020,9/25/2020,#VALUE!,,0,0,
RollerCoaster Tycoon 3: Complete Edition,NS_b,Frontier Developments,Frontier Developments,,,,,,,,,,9/24/2020,9/11/2020,#VALUE!,,0,0,
Serious Sam 4,PC_b,Devolver Digital,Croteam,4,,,,,,,,,9/24/2020,5/20/2020,#VALUE!,,0,0,
Serious Sam 4,Linux_b,Devolver Digital,Croteam,,,,,,,,,,9/24/2020,5/20/2020,#VALUE!,,0,0,
Serious Sam 4,OSX_b,Devolver Digital,Croteam,,,,,,,,,,9/24/2020,5/20/2020,#VALUE!,,0,0,
Serious Sam 4: Planet Badass,PC_b,Devolver Digital,Croteam,,,,,,,,,,9/24/2020,12/28/2018,#VALUE!,,0,0,
Tennis World Tour 2,XOne_b,Nacon,Big Ant Studios,,,,,,,,,,9/24/2020,9/25/2020,#VALUE!,,0,0,
Tennis World Tour 2,PS4_b,Nacon,Big Ant Studios,,,,,,,,,,9/24/2020,9/25/2020,#VALUE!,,0,0,
Tennis World Tour 2,PC_b,Nacon,Big Ant Studios,,,,,,,,,,9/24/2020,9/25/2020,#VALUE!,,0,0,
Mafia: Definitive Edition,PC_b,2K Games,Hangar 13,,,,,,,,,,9/25/2020,10/23/2020,#VALUE!,,0,0,
Mafia: Trilogy,PC_b,2K Games,Hangar 13,,,,,,,,,,9/25/2020,5/13/2020,#VALUE!,,0,0,
Mafia: Trilogy,XOne_b,2K Games,Hangar 13,,,,,,,,,,9/25/2020,5/13/2020,#VALUE!,,0,0,
Mafia: Trilogy,PS4_b,2K Games,Hangar 13,,,,,,,,,,9/25/2020,5/13/2020,#VALUE!,,0,0,
Genshin Impact,PS4_b,miHoYo,miHoYo,,,,,,,,,,9/28/2020,8/6/2019,#VALUE!,,0,0,
Genshin Impact,PC_b,miHoYo,miHoYo,,,,,,,,,,9/28/2020,8/6/2019,#VALUE!,,0,0,
Projection: First Light,XOne_b,Blowfish Studios,Shadowplay Studios,,,,,,,,,,9/29/2020,9/29/2020,#VALUE!,,0,0,
Projection: First Light,PS4_b,Blowfish Studios,Shadowplay Studios,,,,,,,,,,9/29/2020,9/29/2020,#VALUE!,,0,0,
Projection: First Light,NS_b,Blowfish Studios,Shadowplay Studios,,,,,,,,,,9/29/2020,9/29/2020,#VALUE!,,0,0,
Projection: First Light,PC_b,Blowfish Studios,Shadowplay Studios,7,,,,,,,,,9/29/2020,9/29/2020,#VALUE!,,0,0,
Re:Turn Ã¢â‚¬â€œ One Way Trip,XOne_b,Green Man Gaming,Red Ego Games,,,,,,,,,,9/29/2020,7/8/2020,#VALUE!,,0,0,
Re:Turn Ã¢â‚¬â€œ One Way Trip,PS4_b,Green Man Gaming,Red Ego Games,,,,,,,,,,9/29/2020,7/8/2020,#VALUE!,,0,0,
Re:Turn Ã¢â‚¬â€œ One Way Trip,PC_b,Green Man Gaming,Red Ego Games,,,,,,,,,,9/29/2020,7/8/2020,#VALUE!,,0,0,
Re:Turn Ã¢â‚¬â€œ One Way Trip,NS_b,Green Man Gaming,Red Ego Games,,,,,,,,,,9/29/2020,7/8/2020,#VALUE!,,0,0,
Spelunky 2,PC_b,BlitWorks,"Mossmouth, LLC",,,,,,,,,,9/29/2020,7/2/2019,#VALUE!,,0,0,
Fighting Illusion V: K-1 Grand Prix '99,PS_b,Xing Entertainment,Daft,,,,,,,,,,9/30/2020,8/12/2020,#VALUE!,,0,0,
Super Mario Bros. 35,NS_b,Nintendo,Nintendo,,,,,,,,,,10/1/2020,9/3/2020,#VALUE!,,0,0,
Ys Origin,NS_b,DotEmu,Falcom,,,,,,,,,,10/1/2020,12/2/2020,#VALUE!,,0,0,
Crash Bandicoot 4: It's About Time,All_b,Activision,Toys for Bob,,,,,,,,,,10/2/2020,10/30/2020,#VALUE!,,0,0,
Crash Bandicoot 4: ItÃ¢â‚¬â„¢s About Time,XOne_b,Activision,Toys for Bob,8,,,,,,,,,10/2/2020,6/20/2020,#VALUE!,,0,0,
Crash Bandicoot 4: ItÃ¢â‚¬â„¢s About Time,PS4_b,Activision,Toys for Bob,,,9,,,,,,,10/2/2020,10/22/2020,#VALUE!,,0,0,
Star Wars: Squadrons,PS4_b,Electronic Arts,Motive Studios,,,,,,,,,,10/2/2020,6/19/2020,#VALUE!,,0,0,
Star Wars: Squadrons,XOne_b,Electronic Arts,Motive Studios,,,,,,,,,,10/2/2020,6/19/2020,#VALUE!,,0,0,
Star Wars: Squadrons,PC_b,Electronic Arts,Motive Studios,,,,,,,,,,10/2/2020,6/19/2020,#VALUE!,,0,0,
Nickelodeon Kart Racers 2: Grand Prix,NS_b,GameMill Entertainment,Bamtang,,,,,,,,,,10/6/2020,12/18/2020,#VALUE!,,0,0,
Nickelodeon Kart Racers 2: Grand Prix,PS4_b,GameMill Entertainment,Bamtang,,,,,,,,,,10/6/2020,5/14/2022,#VALUE!,,0,0,
Nickelodeon Kart Racers 2: Grand Prix,XOne_b,GameMill Entertainment,Bamtang,,,,,,,,,,10/6/2020,9/23/2020,#VALUE!,,0,0,
I Am Dead,PC_b,Annapurna Interactive,Hollow Ponds,,,,,,,,,,10/8/2020,10/3/2020,#VALUE!,,0,0,
I Am Dead,NS_b,Annapurna Interactive,Hollow Ponds,,,,,,,,,,10/8/2020,10/3/2020,#VALUE!,,0,0,
Ikenfell,XOne_b,Humble Bundle,Happy Ray Games,,,,,,,,,,10/8/2020,9/5/2020,#VALUE!,,0,0,
Ikenfell,PS4_b,Humble Bundle,Happy Ray Games,,,,,,,,,,10/8/2020,9/5/2020,#VALUE!,,0,0,
Ikenfell,PC_b,Humble Bundle,Happy Ray Games,,,,,,,,,,10/8/2020,9/5/2020,#VALUE!,,0,0,
Ikenfell,NS_b,Humble Bundle,Happy Ray Games,,,,,,,,,,10/8/2020,9/5/2020,#VALUE!,,0,0,
Ride 4,XOne_b,Milestone S.r.l.,Milestone S.r.l.,,,,,,,,,,10/8/2020,4/14/2020,#VALUE!,,0,0,
Ride 4,PS4_b,Milestone S.r.l.,Milestone S.r.l.,7,,,,,,,,,10/8/2020,4/14/2020,#VALUE!,,0,0,
Ride 4,PC_b,Milestone S.r.l.,Milestone S.r.l.,,,,,,,,,,10/8/2020,4/14/2020,#VALUE!,,0,0,
Ben 10: Power Trip!,All_b,Outright Games,PHL Collective,,,,,,,,,,10/9/2020,11/18/2020,#VALUE!,,0,0,
FIFA 21,PS4_b,Electronic Arts,EA Vancouver,,,,,,,,,,10/9/2020,6/19/2020,#VALUE!,,0,0,
FIFA 21,XOne_b,Electronic Arts,EA Vancouver,,,,,,,,,,10/9/2020,6/19/2020,#VALUE!,,0,0,
FIFA 21,PC_b,Electronic Arts,EA Vancouver,,,,,,,,,,10/9/2020,6/19/2020,#VALUE!,,0,0,
FIFA 21,NS_b,Electronic Arts,EA Vancouver,,,,,,,,,,10/9/2020,6/19/2020,#VALUE!,,0,0,
Game Dev Tycoon,NS_b,Greenheart Games,Rarebyte,,,,,,,,,,10/11/2020,9/3/2020,#VALUE!,,0,0,
G.I. Joe: Operation Blackout,XOne_b,GameMill Entertainment,Fair Play Labs,,,,,,,,,,10/13/2020,1/31/2021,#VALUE!,,0,0,
G.I. Joe: Operation Blackout,PS4_b,GameMill Entertainment,Fair Play Labs,,,,,,,,,,10/13/2020,1/31/2021,#VALUE!,,0,0,
G.I. Joe: Operation Blackout,NS_b,GameMill Entertainment,Fair Play Labs,,,,,,,,,,10/13/2020,9/24/2020,#VALUE!,,0,0,
Remothered: Broken Porcelain,XOne_b,Modus Games,Stormind Games,,,,,,,,,,10/13/2020,9/25/2020,#VALUE!,,0,0,
Remothered: Broken Porcelain,PS4_b,Modus Games,Stormind Games,,,,,,,,,,10/13/2020,9/25/2020,#VALUE!,,0,0,
Remothered: Broken Porcelain,PC_b,Modus Games,Stormind Games,,,,,,,,,,10/13/2020,9/25/2020,#VALUE!,,0,0,
Remothered: Broken Porcelain,NS_b,Modus Games,Stormind Games,,,,,,,,,,10/13/2020,9/25/2020,#VALUE!,,0,0,
Robotics;Notes DaSH,NS_b,Spike Chunsoft,5pb. Games,,,,,,,,,,10/13/2020,2/6/2019,#VALUE!,,0,0,
Robotics;Notes DaSH,PS4_b,Spike Chunsoft,5pb. Games,,,,,,,,,,10/13/2020,2/6/2019,#VALUE!,,0,0,
Robotics;Notes DaSH,PC_b,Spike Chunsoft,MAGES,,,,,,,,,,10/13/2020,5/19/2020,#VALUE!,,0,0,
Robotics;Notes Elite,PS4_b,Spike Chunsoft,5pb. Inc.,,,,,,,,,,10/13/2020,5/19/2020,#VALUE!,,0,0,
Robotics;Notes Elite,NS_b,Spike Chunsoft,5pb. Inc.,,,,,,,,,,10/13/2020,5/19/2020,#VALUE!,,0,0,
Robotics;Notes Elite,PC_b,Spike Chunsoft,5pb. Inc.,,,,,,,,,,10/13/2020,5/19/2020,#VALUE!,,0,0,
Torchlight III,XOne_b,Perfect World Entertainment,Echtra Games,,,,,,,,,,10/13/2020,1/28/2020,#VALUE!,,0,0,
Torchlight III,PS4_b,Perfect World Entertainment,Echtra Games,,,,,,,,,,10/13/2020,1/28/2020,#VALUE!,,0,0,
Torchlight III,PC_b,Perfect World Entertainment,Echtra Games,,,,,,,,,,10/13/2020,1/28/2020,#VALUE!,,0,0,
"Cook, Serve, Delicious! 3?!",XOne_b,Vertigo Gaming Inc.,Vertigo Gaming Inc.,,,,,,,,,,10/14/2020,8/10/2019,#VALUE!,,0,0,
"Cook, Serve, Delicious! 3?!",PS4_b,Vertigo Gaming Inc.,Vertigo Gaming Inc.,,,,,,,,,,10/14/2020,8/10/2019,#VALUE!,,0,0,
"Cook, Serve, Delicious! 3?!",PC_b,Vertigo Gaming Inc.,Vertigo Gaming Inc.,,,,,,,,,,10/14/2020,8/10/2019,#VALUE!,,0,0,
"Cook, Serve, Delicious! 3?!",NS_b,Vertigo Gaming Inc.,Vertigo Gaming Inc.,,,,,,,,,,10/14/2020,8/10/2019,#VALUE!,,0,0,
Cloudpunk,XOne_b,Maple Whispering Limited,Ion Lands,,,,,,,,,,10/15/2020,9/7/2020,#VALUE!,,0,0,
Cloudpunk,PS4_b,Maple Whispering Limited,Ion Lands,,,,,,,,,,10/15/2020,9/7/2020,#VALUE!,,0,0,
Cloudpunk,NS_b,Maple Whispering Limited,Ion Lands,,,,,,,,,,10/15/2020,9/7/2020,#VALUE!,,0,0,
Death Come True,PS4_b,Izanagi Games,Too Kyo Games,,,,,,,,,,10/15/2020,12/17/2019,#VALUE!,,0,0,
Shantae: Risky's Revenge,NS_b,WayForward,WayForward Technologies,7,,,,,,,,,10/15/2020,7/10/2020,#VALUE!,,0,0,
Tennis World Tour 2,NS_b,Nacon,Big Ant Studios,,,,,,,,,,10/15/2020,9/28/2020,#VALUE!,,0,0,
Mario Kart Live: Home Circuit,NS_b,Nintendo,Velan Studios,,,,1.73m,,,,,,10/16/2020,9/3/2020,#VALUE!,,0,0,
Crown Trick,NS_b,Team17,NEXT Studios,,,,,,,,,,10/16/2020,9/28/2020,#VALUE!,,0,0,
Crown Trick,PC_b,Team17,NEXT Studios,,,,,,,,,,10/16/2020,9/28/2020,#VALUE!,,0,0,
NHL 21,XOne_b,EA Sports,EA Vancouver,,,,,,,,,,10/16/2020,7/22/2020,#VALUE!,,0,0,
NHL 21,PS4_b,EA Sports,EA Vancouver,,,,,,,,,,10/16/2020,7/22/2020,#VALUE!,,0,0,
Postal Redux,NS_b,MD Games,Running With Scissors,,,,,,,,,,10/16/2020,9/28/2020,#VALUE!,,0,0,
Zoids Wild: Blast Unleashed,NS_b,Outright Games,Outright Games,,,,,,,,,,10/16/2020,9/7/2020,#VALUE!,,0,0,
Amnesia: Rebirth,PC_b,Frictional Games,Frictional Games,,,,,,,,,,10/20/2020,3/7/2020,#VALUE!,,0,0,
Amnesia: Rebirth,PS4_b,Frictional Games,Frictional Games,7,,,,,,,,,10/20/2020,3/7/2020,#VALUE!,,0,0,
Amnesia: Rebirth,All_b,Frictional Games,Frictional Games,,,,0.10m,,,,,,10/20/2020,3/17/2021,#VALUE!,,0,0,
Bless Unleashed,PS4_b,Neowiz Corporation,Round8 Studio,,,,,,,,,,10/22/2020,9/29/2020,#VALUE!,,0,0,
Pumpkin Jack,NS_b,Headup Games,Headup Games,,,,,,,,,,10/23/2020,11/6/2020,#VALUE!,,0,0,
Transformers: Battlegrounds,XOne_b,Outright Games,Outright Games,,,,,,,,,,10/23/2020,7/3/2020,#VALUE!,,0,0,
Transformers: Battlegrounds,PS4_b,Outright Games,Outright Games,,,,,,,,,,10/23/2020,7/3/2020,#VALUE!,,0,0,
Transformers: Battlegrounds,PC_b,Outright Games,Outright Games,,,,,,,,,,10/23/2020,7/3/2020,#VALUE!,,0,0,
Transformers: Battlegrounds,NS_b,Outright Games,Outright Games,,,,,,,,,,10/23/2020,7/3/2020,#VALUE!,,0,0,
World of Warcraft: Shadowlands,PC_b,Blizzard Entertainment,Blizzard Entertainment,,,,3.70m,,,,,,10/24/2020,8/5/2020,#VALUE!,,0,0,
Ghostrunner,All_b,505 Games,One More Level,,,,2.50m,,,,,,10/27/2020,5/31/2021,#VALUE!,,0,0,
Cobra Kai: The Karate Kid Saga Continues,XOne_b,GameMill Entertainment,GameMill Entertainment,,,,,,,,,,10/27/2020,1/31/2021,#VALUE!,,0,0,
Cobra Kai: The Karate Kid Saga Continues,PS4_b,GameMill Entertainment,GameMill Entertainment,,,,,,,,,,10/27/2020,1/31/2021,#VALUE!,,0,0,
Cobra Kai: The Karate Kid Saga Continues,NS_b,GameMill Entertainment,GameMill Entertainment,,,,,,,,,,10/27/2020,9/24/2020,#VALUE!,,0,0,
Ghostrunner,XOne_b,505 Games,One More Level,,,,,,,,,,10/27/2020,9/15/2020,#VALUE!,,0,0,
Ghostrunner,PS4_b,505 Games,One More Level,,,,,,,,,,10/27/2020,9/15/2020,#VALUE!,,0,0,
Ghostrunner,PC_b,505 Games,One More Level,9,,,,,,,,,10/27/2020,9/15/2020,#VALUE!,,0,0,
Oddworld: Abe's Oddysee New N' Tasty!,NS_b,Oddworld Inhabitants,Just Add Water,,,,,,,,,,10/27/2020,10/3/2020,#VALUE!,,0,0,
The Legend of Heroes: Trails of Cold Steel IV,PS4_b,NIS America,Falcom,7,,,,0.13m,,,0.13m,,10/27/2020,8/18/2018,0.13,,0.13,0.13,
Cthulhu Saves Christmas,NS_b,Limited Run Games,Zeboyd Games,,,,,,,,,,10/28/2020,2/8/2022,#VALUE!,,0,0,
Part time UFO,NS_b,Nintendo,HAL Laboratory,,,,,,,,,,10/28/2020,11/7/2021,#VALUE!,,0,0,
Pikmin 3 Deluxe,NS_b,Nintendo,Nintendo,,,,2.40m,,,,,,10/30/2020,8/5/2020,#VALUE!,,0,0,
Mad Rat Dead,PS4_b,NIS America,Nippon Ichi Software,,,,,,,,,,10/30/2020,9/15/2020,#VALUE!,,0,0,
Mad Rat Dead,NS_b,NIS America,Nippon Ichi Software,,,,,,,,,,10/30/2020,9/15/2020,#VALUE!,,0,0,
The Dark Pictures Anthology: Little Hope,XOne_b,Bandai Namco Entertainment,Supermassive Games Ltd.,,,,,,,,,,10/30/2020,5/29/2020,#VALUE!,,0,0,
The Dark Pictures Anthology: Little Hope,PS4_b,Bandai Namco Entertainment,Supermassive Games Ltd.,6,,,,,,,,,10/30/2020,5/29/2020,#VALUE!,,0,0,
The Dark Pictures Anthology: Little Hope,PC_b,Bandai Namco Entertainment,Supermassive Games Ltd.,,,,,,,,,,10/30/2020,5/29/2020,#VALUE!,,0,0,
The Good Life,OSX_b,White Owls,White Owls,,,,,,,,,,11/2/2020,8/13/2020,#VALUE!,,0,0,
Bakugan: Champions of Vestroia,NS_b,Warner Bros. Interactive Entertainment,WayForward,,,,,,,,,,11/3/2020,7/10/2020,#VALUE!,,0,0,
Jurassic World Evolution: Complete Edition,NS_b,Frontier Developments,Frontier Developments,,,,,,,,,,11/3/2020,9/8/2020,#VALUE!,,0,0,
Shadowverse: Champion's Battle,NS_b,Cygames,Cygames,,,,,,,,,,11/5/2020,5/29/2020,#VALUE!,,0,0,
DiRT 5,XOne_b,Codemasters,Codemasters,,,,,,,,,,11/6/2020,5/7/2020,#VALUE!,,0,0,
DiRT 5,PS4_b,Codemasters,Codemasters,,,,,,,,,,11/6/2020,5/7/2020,#VALUE!,,0,0,
DiRT 5,PC_b,Codemasters,Codemasters,7.5,,,,,,,,,11/6/2020,5/7/2020,#VALUE!,,0,0,
Sakuna: Of Rice and Ruin,All_b,Xseed Games,Edelweiss,,,,1.00m,,,,,,11/10/2020,11/25/2020,#VALUE!,,0,0,
Sakuna: Of Rice and Ruin,PS4_b,Xseed Games,Edelweiss,,,,,,,,,,11/10/2020,,#VALUE!,,0,0,
Sakuna: Of Rice and Ruin,PC_b,Xseed Games,Edelweiss,,,,,,,,,,11/10/2020,,#VALUE!,,0,0,
Assassin's Creed Valhalla,XOne_b,Ubisoft,Ubisoft,8,,,,,,,,,11/10/2020,4/30/2020,#VALUE!,,0,0,
Assassin's Creed Valhalla,XS_b,Ubisoft,Ubisoft,,,,,,,,,,11/10/2020,4/30/2020,#VALUE!,,0,0,
Assassin's Creed Valhalla,PS4_b,Ubisoft,Ubisoft,,,,,,,,,,11/10/2020,4/30/2020,#VALUE!,,0,0,
Assassin's Creed Valhalla,PC_b,Ubisoft,Ubisoft,,,,,,,,,,11/10/2020,4/30/2020,#VALUE!,,0,0,
Destiny 2: Beyond Light,XOne_b,Bungie Software,Bungie,,,,,,,,,,11/10/2020,9/8/2020,#VALUE!,,0,0,
Destiny 2: Beyond Light,PS4_b,Bungie Software,Bungie,,,,,,,,,,11/10/2020,9/8/2020,#VALUE!,,0,0,
Destiny 2: Beyond Light,PC_b,Bungie Software,Bungie,,,,,,,,,,11/10/2020,9/8/2020,#VALUE!,,0,0,
Devil May Cry 5 Special Edition,XS_b,Capcom,Capcom,,,,,,,,,,11/10/2020,9/16/2020,#VALUE!,,0,0,
DiRT 5,XS_b,Codemasters,Codemasters,,,,,,,,,,11/10/2020,5/7/2020,#VALUE!,,0,0,
Fortnite,XS_b,Epic Games,Epic Games,,,,,,,,,,11/10/2020,6/13/2020,#VALUE!,,0,0,
Forza Horizon 4,XS_b,Microsoft Studios,Playground Games,,,,,,,,,,11/10/2020,9/19/2020,#VALUE!,,0,0,
Fuser,XOne_b,NCSoft,Harmonix Music Systems,,,,,,,,,,11/10/2020,6/2/2020,#VALUE!,,0,0,
Fuser,PS4_b,NCSoft,Harmonix Music Systems,,,,,,,,,,11/10/2020,6/2/2020,#VALUE!,,0,0,
Fuser,PC_b,NCSoft,Harmonix Music Systems,,,,,,,,,,11/10/2020,6/2/2020,#VALUE!,,0,0,
Fuser,NS_b,NCSoft,Harmonix Music Systems,,,,,,,,,,11/10/2020,6/2/2020,#VALUE!,,0,0,
Gears Tactics,XOne_b,Xbox Game Studios,Splash Damage,,,,,,,,,,11/10/2020,4/11/2020,#VALUE!,,0,0,
Gears Tactics,XS_b,Xbox Game Studios,Splash Damage,,,,,,,,,,11/10/2020,9/11/2020,#VALUE!,,0,0,
Madden NFL 21,XS_b,Electronic Arts,EA Tiburon,,,,,,,,,,11/10/2020,5/7/2020,#VALUE!,,0,0,
Maneater,XS_b,Deep Silver,Tripwire Interactive,,,,,,,,,,11/10/2020,9/26/2020,#VALUE!,,0,0,
Marvel's Avengers,XS_b,Square Enix,Crystal Dynamics,4.5,,,,,,,,,11/10/2020,6/24/2020,#VALUE!,,0,0,
NBA 2K21,XS_b,2K Sports,Visual Concepts,,,,,,,,,,11/10/2020,6/14/2020,#VALUE!,,0,0,
Observer: System Redux,XS_b,Bloober Team,Bloober Team,,,,,,,,,,11/10/2020,6/10/2020,#VALUE!,,0,0,
Observer: System Redux,PC_b,Bloober Team,Bloober Team,,,,,,,,,,11/10/2020,9/19/2020,#VALUE!,,0,0,
Sakuna: Of Rice and Ruin,NS_b,Xseed Games,Edelweiss,8,,,,,,,,,11/10/2020,11/25/2020,#VALUE!,,0,0,
Sea of Thieves,XS_b,Xbox Game Studios,Rare Ltd.,,,,,,,,,,11/10/2020,7/4/2021,#VALUE!,,0,0,
Tetris Effect Connected,XOne_b,Enhance,"Tetris Online, Inc",7,,,,,,,,,11/10/2020,7/23/2020,#VALUE!,,0,0,
Tetris Effect Connected,XS_b,Enhance,"Tetris Online, Inc",,,,,,,,,,11/10/2020,7/23/2020,#VALUE!,,0,0,
XIII,XOne_b,Ubisoft,PlayMagic,,,,,,,,,,11/10/2020,7/6/2020,#VALUE!,,0,0,
XIII,PS4_b,Ubisoft,PlayMagic,,,,,,,,,,11/10/2020,7/6/2020,#VALUE!,,0,0,
XIII,NS_b,Ubisoft,PlayMagic,,,,,,,,,,11/10/2020,7/6/2020,#VALUE!,,0,0,
XIII (2020),PC_b,Microids,PlayMagic,2,,,,,,,,,11/10/2020,7/6/2020,#VALUE!,,0,0,
Yakuza: Like A Dragon,XS_b,Sega,Sega,,,,,,,,,,11/10/2020,5/7/2020,#VALUE!,,0,0,
Observer: System Redux,PS4_b,Bloober Team,Bloober Team,,,,,,,,,,11/11/2020,9/11/2023,#VALUE!,,0,0,
Marvel's Spider-Man: Miles Morales,All_b,Sony Interactive Entertainment,Insomniac Games,,,,6.50m,,,,,,11/12/2020,2/3/2021,#VALUE!,,0,0,
DemonÃ¢â‚¬â„¢s Souls,PS5_b,Sony Interactive Entertainment,Bluepoint Games,,,,1.40m,,,,,,11/12/2020,9/18/2020,#VALUE!,,0,0,
Assassin's Creed Valhalla,PS5_b,Ubisoft,Ubisoft,,,,,,,,,,11/12/2020,4/30/2020,#VALUE!,,0,0,
Astro's Playroom,PS5_b,Sony Interactive Entertainment,ASOBI Team,7,,,,,,,,,11/12/2020,6/13/2020,#VALUE!,,0,0,
Destruction Allstars,PS5_b,Sony Interactive Entertainment,Lucid Games,6,,,,,,,,,11/12/2020,8/2/2021,#VALUE!,,0,0,
Devil May Cry 5 Special Edition,PS5_b,Capcom,Capcom,,,,,,,,,,11/12/2020,9/16/2020,#VALUE!,,0,0,
Fortnite,PS5_b,Epic Games,Epic Games,,,,,,,,,,11/12/2020,6/13/2020,#VALUE!,,0,0,
Godfall,PS5_b,Gearbox Publishing,Counterplay Games,,,,,,,,,,11/12/2020,5/31/2020,#VALUE!,,0,0,
Godfall,PC_b,Gearbox Publishing,Counterplay Games,,,,,,,,,,11/12/2020,5/31/2020,#VALUE!,,0,0,
Just Dance 2021,XOne_b,Ubisoft,Ubisoft Paris,,,,,,,,,,11/12/2020,8/27/2020,#VALUE!,,0,0,
Just Dance 2021,XS_b,Ubisoft,Ubisoft Paris,,,,,,,,,,11/12/2020,8/27/2020,#VALUE!,,0,0,
Just Dance 2021,PS5_b,Ubisoft,Ubisoft Paris,,,,,,,,,,11/12/2020,8/27/2020,#VALUE!,,0,0,
Just Dance 2021,PS4_b,Ubisoft,Ubisoft Paris,,,,,,,,,,11/12/2020,8/27/2020,#VALUE!,,0,0,
Just Dance 2021,NS_b,Ubisoft,Ubisoft Paris,,,,,,,,,,11/12/2020,8/27/2020,#VALUE!,,0,0,
Madden NFL 21,PS5_b,EA Sports,EA Tiburon,,,,,,,,,,11/12/2020,5/14/2020,#VALUE!,,0,0,
Maneater,PS5_b,Deep Silver,Tripwire Interactive,,,,,,,,,,11/12/2020,9/26/2020,#VALUE!,,0,0,
Marvel's Avengers,PS5_b,Square Enix,Crystal Dynamics,,,,,,,,,,11/12/2020,6/24/2020,#VALUE!,,0,0,
Marvel's Spider-Man: Miles Morales,PS4_b,Sony Interactive Entertainment,Insomniac Games,,,,,,,,,,11/12/2020,9/18/2020,#VALUE!,,0,0,
MarvelÃ¢â‚¬â„¢s Spider-Man: Miles Morales,PS5_b,Sony Interactive Entertainment,Insomniac Games,7.5,,,,,,,,,11/12/2020,6/11/2020,#VALUE!,,0,0,
NBA 2K21,PS5_b,2K Sports,Visual Concepts,,,,,,,,,,11/12/2020,6/14/2020,#VALUE!,,0,0,
Observer: System Redux,PS5_b,Bloober Team,Bloober Team,,,,,,,,,,11/12/2020,6/10/2020,#VALUE!,,0,0,
Sackboy: A Big Adventure,PS5_b,Sony Interactive Entertainment,Sumo Digital,7,,,,,,,,,11/12/2020,6/11/2020,#VALUE!,,0,0,
Sackboy: A Big Adventure,PS4_b,Sony Interactive Entertainment,Sumo Digital,,,,,,,,,,11/12/2020,9/18/2020,#VALUE!,,0,0,
Call of Duty: Black Ops Cold War,XS_b,Activision,Treyarch,,,,,,,,,,11/13/2020,8/20/2020,#VALUE!,,0,0,
Call of Duty: Black Ops Cold War,PS5_b,Activision,Treyarch,7.5,,,,,,,,,11/13/2020,8/20/2020,#VALUE!,,0,0,
Call of Duty: Black Ops Cold War,PC_b,Activision,Treyarch,,,,,,,,,,11/13/2020,8/20/2020,#VALUE!,,0,0,
Kingdom Hearts: Melody of Memory,XOne_b,Square Enix,Square Enix,,,,,,,,,,11/13/2020,9/18/2020,#VALUE!,,0,0,
Kingdom Hearts: Melody of Memory,PS4_b,Square Enix,Square Enix,6,,,,,,,,,11/13/2020,9/18/2020,#VALUE!,,0,0,
Kingdom Hearts: Melody of Memory,NS_b,Square Enix,Square Enix,,,,,,,,,,11/13/2020,9/18/2020,#VALUE!,,0,0,
Need for Speed: Hot Pursuit Remastered,NS_b,Electronic Arts,Criterion Games,,,,,,,,,,11/13/2020,1/26/2021,#VALUE!,,0,0,
Yakuza: Like a Dragon,PS4_b,Sega,Sega,8.5,,,0.45m,,,,,,11/13/2020,11/5/2019,#VALUE!,,0,0,
Yakuza: Like A Dragon,XOne_b,Sega,Sega,,,,,,,,,,11/13/2020,5/7/2020,#VALUE!,,0,0,
Yakuza: Like A Dragon,PC_b,Sega,Sega,,,,,,,,,,11/13/2020,5/7/2020,#VALUE!,,0,0,
Sniper Elite 4,NS_b,Rebellion Developments,Rebellion Developments,,,,,,,,,,11/17/2020,11/5/2021,#VALUE!,,0,0,
Cyberpunk 2077,PC_b,CD Projekt Red Studio,CD Projekt Red Studio,,,,7.67m,,,,,,11/19/2020,6/10/2019,#VALUE!,,0,0,
"Momotaro Dentetsu: Showa, Heisei, Reiwa Mo Teiban!",NS_b,Konami,Konami,,,,4.00m,,,,,,11/19/2020,11/24/2020,#VALUE!,,0,0,
Cyberpunk 2077,PS4_b,CD Projekt Red Studio,CD Projekt Red Studio,8.5,,,3.84m,,,,,,11/19/2020,6/10/2019,#VALUE!,,0,0,
Cyberpunk 2077,XOne_b,CD Projekt Red Studio,CD Projekt Red Studio,,,,2.33m,,,,,,11/19/2020,6/10/2019,#VALUE!,,0,0,
Bridge Constructor: The Walking Dead,All_b,Headup Games,ClockStone,,,,,,,,,,11/19/2020,1/5/2021,#VALUE!,,0,0,
Bubble Bobble 4 Friends: The Baron is Back!,PS4_b,Taito,Taito,,,,,,,,,,11/19/2020,6/24/2020,#VALUE!,,0,0,
Hyrule Warriors: Age of Calamity,NS_b,Nintendo,Koei Tecmo Games,5,9,,4.00m,,,,,,11/20/2020,9/12/2020,#VALUE!,,0,0,
Katamari Damacy Reroll,XOne_b,Bandai Namco Entertainment,Namco,,,,,,,,,,11/20/2020,9/18/2020,#VALUE!,,0,0,
Katamari Damacy Reroll,PS4_b,Bandai Namco Entertainment,Namco,,,,,,,,,,11/20/2020,9/18/2020,#VALUE!,,0,0,
Football Manager 2021,All_b,Sega,Sports Interactive,,,,1.00m,,,,,,11/24/2020,1/5/2021,#VALUE!,,0,0,
Picross S5,NS_b,Jupiter Corporation,Jupiter Corporation,,,,,,,,,,11/26/2020,11/10/2021,#VALUE!,,0,0,
12 Minutes,XOne_b,Annapurna Interactive,Luis Antonio,,,,,,,,,,12/1/2020,6/14/2021,#VALUE!,,0,0,
12 Minutes,PC_b,Annapurna Interactive,Luis Antonio,,,,,,,,,,12/1/2020,6/14/2021,#VALUE!,,0,0,
A RatÃ¢â‚¬â„¢s Quest: The Way Back Home,XOne_b,HandyGames,The Dreamerians,,,,,,,,,,12/1/2020,8/5/2019,#VALUE!,,0,0,
A RatÃ¢â‚¬â„¢s Quest: The Way Back Home,PS4_b,HandyGames,The Dreamerians,,,,,,,,,,12/1/2020,8/5/2019,#VALUE!,,0,0,
A RatÃ¢â‚¬â„¢s Quest: The Way Back Home,PC_b,HandyGames,The Dreamerians,,,,,,,,,,12/1/2020,8/5/2019,#VALUE!,,0,0,
A RatÃ¢â‚¬â„¢s Quest: The Way Back Home,NS_b,HandyGames,The Dreamerians,,,,,,,,,,12/1/2020,8/5/2019,#VALUE!,,0,0,
Age of Empires IV,PC_b,Xbox Game Studios,World's Edge Studio,,,,,,,,,,12/1/2020,11/14/2019,#VALUE!,,0,0,
AI-LIMIT,PS4_b,Sony Computer Entertainment,Sense Games,,,,,,,,,,12/1/2020,8/6/2019,#VALUE!,,0,0,
ANNO: Mutationem,PS4_b,Sony Computer Entertainment,ThinkingStars,,,,,,,,,,12/1/2020,8/6/2019,#VALUE!,,0,0,
Anonymous;Code,NS_b,5pb,5pb. Games,,,,,,,,,,12/1/2020,6/26/2019,#VALUE!,,0,0,
Anonymous;Code,PSV_b,5pb,5pb. Games,,,,,,,,,,12/1/2020,6/26/2019,#VALUE!,,0,0,
Anonymous;Code,PS4_b,5pb,5pb. Games,,,,,,,,,,12/1/2020,6/26/2019,#VALUE!,,0,0,
Apex Legends,NS_b,Electronic Arts,Respawn Entertainment,,,,,,,,,,12/1/2020,6/19/2020,#VALUE!,,0,0,
Arcade Spirits,XOne_b,PQube,Fiction Factory Games,,,,,,,,,,12/1/2020,8/16/2019,#VALUE!,,0,0,
Arcade Spirits,PS4_b,PQube,Fiction Factory Games,,,,,,,,,,12/1/2020,8/16/2019,#VALUE!,,0,0,
Arcade Spirits,NS_b,PQube,Fiction Factory Games,,,,,,,,,,12/1/2020,8/16/2019,#VALUE!,,0,0,
As Dusk Falls,PC_b,Xbox Game Studios,Interior/Night,,,,,,,,,,12/1/2020,7/23/2020,#VALUE!,,0,0,
Avowed,XS_b,Xbox Game Studios,Obsidian Entertainment,,,,,,,,,,12/1/2020,7/23/2020,#VALUE!,,0,0,
Avowed,PC_b,Xbox Game Studios,Obsidian Entertainment,,,,,,,,,,12/1/2020,7/23/2020,#VALUE!,,0,0,
Baldur's Gate III,PC_b,Wizards of the Coast,Larian Studios,,,,,,,,,,12/1/2020,6/26/2019,#VALUE!,,0,0,
Black Book,XOne_b,HypeTrain Digital,Morteshka,,,,,,,,,,12/1/2020,1/16/2020,#VALUE!,,0,0,
Black Book,PS4_b,HypeTrain Digital,Morteshka,,,,,,,,,,12/1/2020,1/16/2020,#VALUE!,,0,0,
Black Book,PC_b,HypeTrain Digital,Morteshka,,,,,,,,,,12/1/2020,1/16/2020,#VALUE!,,0,0,
Black Book,NS_b,HypeTrain Digital,Morteshka,,,,,,,,,,12/1/2020,1/16/2020,#VALUE!,,0,0,
Blue Protocol,PC_b,Bandai Namco Entertainment,Bandai Namco Games,,,,,,,,,,12/1/2020,7/26/2019,#VALUE!,,0,0,
Boyfriend Dungeon,PC_b,Kitfox Games,Kitfox Games,,,,,,,,,,12/1/2020,12/16/2019,#VALUE!,,0,0,
BPM: Bullets Per Minute,XOne_b,Awe Interactive,Awe Interactive,,,,,,,,,,12/1/2020,7/29/2020,#VALUE!,,0,0,
BPM: Bullets Per Minute,PS4_b,Awe Interactive,Awe Interactive,,,,,,,,,,12/1/2020,7/29/2020,#VALUE!,,0,0,
Bugsnax,PS5_b,Young Horses,Young Horses,,,,,,,,,,12/1/2020,6/13/2020,#VALUE!,,0,0,
Bugsnax,PS4_b,Young Horses,Young Horses,,,,,,,,,,12/1/2020,6/13/2020,#VALUE!,,0,0,
Bugsnax,PC_b,Young Horses,Young Horses,,,,,,,,,,12/1/2020,6/13/2020,#VALUE!,,0,0,
Call of the Sea,XOne_b,Raw Fury,Out of the Blue,,,,,,,,,,12/1/2020,5/7/2020,#VALUE!,,0,0,
Call of the Sea,PC_b,Raw Fury,Out of the Blue,,,,,,,,,,12/1/2020,5/7/2020,#VALUE!,,0,0,
Call of the Sea,XS_b,Raw Fury,Out of the Blue,7.5,,,,,,,,,12/1/2020,5/7/2020,#VALUE!,,0,0,
Chivalry 2,PS5_b,Tripwire Interactive,Torn Banner Studios,,,,,,,,,,12/1/2020,6/13/2020,#VALUE!,,0,0,
Chivalry 2,XS_b,Tripwire Interactive,Torn Banner Studios,8,,,,,,,,,12/1/2020,6/18/2020,#VALUE!,,0,0,
Chivalry 2,XOne_b,Tripwire Interactive,Torn Banner Studios,,,,,,,,,,12/1/2020,6/18/2020,#VALUE!,,0,0,
Chivalry 2,PS4_b,Tripwire Interactive,Torn Banner Studios,,,,,,,,,,12/1/2020,6/18/2020,#VALUE!,,0,0,
Chronos: Before the Ashes,XOne_b,THQ Nordic,Gunfire Games,,,,,,,,,,12/1/2020,9/21/2020,#VALUE!,,0,0,
Chronos: Before the Ashes,PS4_b,THQ Nordic,Gunfire Games,,,,,,,,,,12/1/2020,9/21/2020,#VALUE!,,0,0,
Chronos: Before the Ashes,PC_b,THQ Nordic,Gunfire Games,,,,,,,,,,12/1/2020,9/21/2020,#VALUE!,,0,0,
Chronos: Before the Ashes,NS_b,THQ Nordic,Gunfire Games,,,,,,,,,,12/1/2020,9/21/2020,#VALUE!,,0,0,
Code Shifter,XOne_b,Arc System Works,Arc System Works,,,,,,,,,,12/1/2020,1/10/2020,#VALUE!,,0,0,
Code Shifter,PS4_b,Arc System Works,Arc System Works,,,,,,,,,,12/1/2020,1/10/2020,#VALUE!,,0,0,
Code Shifter,PC_b,Arc System Works,Arc System Works,,,,,,,,,,12/1/2020,1/10/2020,#VALUE!,,0,0,
Code Shifter,NS_b,Arc System Works,Arc System Works,,,,,,,,,,12/1/2020,1/10/2020,#VALUE!,,0,0,
Convallaria,PS4_b,Sony Computer Entertainment,Loong Force,,,,,,,,,,12/1/2020,8/6/2019,#VALUE!,,0,0,
Convergence: A League of Legends Story,PC_b,Riot Games,Double Stallion Games,,,,,,,,,,12/1/2020,1/13/2020,#VALUE!,,0,0,
Cris Tales,XOne_b,Modus Games,Dreams Uncorporated,,,,,,,,,,12/1/2020,8/10/2019,#VALUE!,,0,0,
Cris Tales,PS4_b,Modus Games,Dreams Uncorporated,,,,,,,,,,12/1/2020,8/10/2019,#VALUE!,,0,0,
Cris Tales,PC_b,Modus Games,Dreams Uncorporated,,,,,,,,,,12/1/2020,8/10/2019,#VALUE!,,0,0,
Cris Tales,NS_b,Modus Games,Dreams Uncorporated,,,,,,,,,,12/1/2020,8/10/2019,#VALUE!,,0,0,
Cris Tales,XS_b,Modus Games,Dreams Uncorporated,,,,,,,,,,12/1/2020,6/18/2020,#VALUE!,,0,0,
Cris Tales,PS5_b,Modus Games,Dreams Uncorporated,,,,,,,,,,12/1/2020,6/18/2020,#VALUE!,,0,0,
Cthulhu Saves Christmas,PC_b,Zeboyd Games,Zeboyd Games,,,,,,,,,,12/1/2020,8/1/2019,#VALUE!,,0,0,
Cyber Shadow,XOne_b,Yacht Club Games,Mechanical Head Studios,,,,,,,,,,12/1/2020,7/16/2020,#VALUE!,,0,0,
Cyber Shadow,PS4_b,Yacht Club Games,Mechanical Head Studios,,,,,,,,,,12/1/2020,7/16/2020,#VALUE!,,0,0,
Cyber Shadow,PC_b,Yacht Club Games,Mechanical Head Studios,,,,,,,,,,12/1/2020,7/16/2020,#VALUE!,,0,0,
Cyber Shadow,NS_b,Yacht Club Games,Mechanical Head Studios,8,,,,,,,,,12/1/2020,7/16/2020,#VALUE!,,0,0,
Dangerous Driving 2,XOne_b,Three Fields Entertainment,Three Fields Entertainment,,,,,,,,,,12/1/2020,7/7/2020,#VALUE!,,0,0,
Dangerous Driving 2,PS4_b,Three Fields Entertainment,Three Fields Entertainment,,,,,,,,,,12/1/2020,7/7/2020,#VALUE!,,0,0,
Dangerous Driving 2,PC_b,Three Fields Entertainment,Three Fields Entertainment,,,,,,,,,,12/1/2020,7/7/2020,#VALUE!,,0,0,
Dangerous Driving 2,NS_b,Three Fields Entertainment,Three Fields Entertainment,,,,,,,,,,12/1/2020,7/7/2020,#VALUE!,,0,0,
Dark Envoy,XOne_b,Event Horizon Software,Event Horizon Software,,,,,,,,,,12/1/2020,8/9/2019,#VALUE!,,0,0,
Dark Envoy,PS4_b,Event Horizon Software,Event Horizon Software,,,,,,,,,,12/1/2020,8/9/2019,#VALUE!,,0,0,
Dark Envoy,PC_b,Event Horizon Software,Event Horizon Software,,,,,,,,,,12/1/2020,8/9/2019,#VALUE!,,0,0,
Darkest Dungeon 2,XOne_b,Merge Games,Red Hook Studios,,,,,,,,,,12/1/2020,6/27/2019,#VALUE!,,0,0,
Darkest Dungeon 2,PS4_b,Merge Games,Red Hook Studios,,,,,,,,,,12/1/2020,6/27/2019,#VALUE!,,0,0,
Darkest Dungeon 2,NS_b,Merge Games,Red Hook Studios,,,,,,,,,,12/1/2020,6/27/2019,#VALUE!,,0,0,
Darkest Dungeon 2,Linux_b,Merge Games,Red Hook Studios,,,,,,,,,,12/1/2020,6/27/2019,#VALUE!,,0,0,
Dead by Daylight,XS_b,Behaviour Interactive,Behaviour Interactive,,,,,,,,,,12/1/2020,9/22/2020,#VALUE!,,0,0,
Dead by Daylight,PS5_b,Behaviour Interactive,Behaviour Interactive,,,,,,,,,,12/1/2020,9/22/2020,#VALUE!,,0,0,
Death March Club,PC_b,Too Kyo Games,Too Kyo Games,,,,,,,,,,12/1/2020,6/18/2019,#VALUE!,,0,0,
Deathloop,XS_b,Bethesda Softworks,Arkane Studios,,,,,,,,,,12/1/2020,6/13/2020,#VALUE!,,0,0,
Destiny 2: Beyond Light,XS_b,Bungie Software,Bungie,,,,,,,,,,12/1/2020,9/8/2020,#VALUE!,,0,0,
Destiny 2: Beyond Light,PS5_b,Bungie Software,Bungie,,,,,,,,,,12/1/2020,9/8/2020,#VALUE!,,0,0,
DevilÃ¢â‚¬â„¢s Hunt,XOne_b,1C Company,Layopi Games,,,,,,,,,,12/1/2020,8/7/2019,#VALUE!,,0,0,
DevilÃ¢â‚¬â„¢s Hunt,PS4_b,1C Company,Layopi Games,,,,,,,,,,12/1/2020,8/7/2019,#VALUE!,,0,0,
DevilÃ¢â‚¬â„¢s Hunt,NS_b,1C Company,Layopi Games,,,,,,,,,,12/1/2020,8/7/2019,#VALUE!,,0,0,
Disco Elysium,XOne_b,ZA/UM,ZA/UM,,,,,,,,,,12/1/2020,5/31/2020,#VALUE!,,0,0,
Disco Elysium,NS_b,ZA/UM,ZA/UM,,,,,,,,,,12/1/2020,5/31/2020,#VALUE!,,0,0,
Dungeons & Dragons: Dark Alliance,PC_b,Tuque Games,Tuque Games,,,,,,,,,,12/1/2020,12/19/2019,#VALUE!,,0,0,
Dying Light 2 Stay Human,PS4_b,Techland,Techland,,,,,,,,,,12/1/2020,6/15/2021,#VALUE!,,0,0,
Dying Light 2 Stay Human,XOne_b,Techland,Techland,,,,,,,,,,12/1/2020,6/15/2021,#VALUE!,,0,0,
Dying Light 2 Stay Human,PC_b,Techland,Techland,,,,,,,,,,12/1/2020,6/15/2021,#VALUE!,,0,0,
Earth Defense Force: World Brothers,PS4_b,D3 Publisher,D3 Publisher,,,,,,,,,,12/1/2020,7/16/2020,#VALUE!,,0,0,
Earth Defense Force: World Brothers,NS_b,D3 Publisher,D3 Publisher,,,,,,,,,,12/1/2020,7/16/2020,#VALUE!,,0,0,
Empire of Sin,NS_b,Paradox Interactive,Romero Games,,,,,,,,,,12/1/2020,6/12/2019,#VALUE!,,0,0,
Empire of Sin,PS4_b,Paradox Interactive,Romero Games,,,,,,,,,,12/1/2020,6/12/2019,#VALUE!,,0,0,
Empire of Sin,XOne_b,Paradox Interactive,Romero Games,,,,,,,,,,12/1/2020,6/12/2019,#VALUE!,,0,0,
Empire of Sin,PC_b,Paradox Interactive,Romero Games,,,,,,,,,,12/1/2020,6/12/2019,#VALUE!,,0,0,
Everwild,XOne_b,Xbox Game Studios,Rare Ltd.,,,,,,,,,,12/1/2020,7/23/2020,#VALUE!,,0,0,
Everwild,XS_b,Xbox Game Studios,Rare Ltd.,,,,,,,,,,12/1/2020,7/23/2020,#VALUE!,,0,0,
Evil Genius 2 World Domination,PC_b,Rebellion,Rebellion Developments,,,,,,,,,,12/1/2020,6/27/2019,#VALUE!,,0,0,
Evotinction,PS4_b,Sony Computer Entertainment,Spikewave Games,,,,,,,,,,12/1/2020,8/6/2019,#VALUE!,,0,0,
F.I.S.T.,PS4_b,Sony Computer Entertainment,TiGames,,,,,,,,,,12/1/2020,8/6/2019,#VALUE!,,0,0,
Five Nights at Freddy's: Security Breach,PC_b,Scott Cawthon,Steel Wool Studios,,,,,,,,,,12/1/2020,8/13/2020,#VALUE!,,0,0,
Gamedec,PC_b,Anshar Studios,Anshar Studios,,,,,,,,,,12/1/2020,8/13/2019,#VALUE!,,0,0,
Gears 5,XS_b,Xbox Game Studios,The Coalition,,,,,,,,,,12/1/2020,6/17/2020,#VALUE!,,0,0,
Genshin Impact,iOS_b,miHoYo,miHoYo,,,,,,,,,,12/1/2020,8/6/2019,#VALUE!,,0,0,
Genshin Impact,NS_b,miHoYo,miHoYo,,,,,,,,,,12/1/2020,1/14/2020,#VALUE!,,0,0,
Genso Skydrift,PS4_b,illuCalab,illuCalab,,,,,,,,,,12/1/2020,6/16/2019,#VALUE!,,0,0,
Georifters,XOne_b,Another Indie,Busy Toaster,,,,,,,,,,12/1/2020,8/5/2019,#VALUE!,,0,0,
Georifters,PS4_b,Another Indie,Busy Toaster,,,,,,,,,,12/1/2020,8/5/2019,#VALUE!,,0,0,
Georifters,PC_b,Another Indie,Busy Toaster,,,,,,,,,,12/1/2020,8/5/2019,#VALUE!,,0,0,
Georifters,NS_b,Another Indie,Busy Toaster,,,,,,,,,,12/1/2020,8/5/2019,#VALUE!,,0,0,
Granblue Fantasy: Relink,PS4_b,Cygames,Cygames,,,,,,,,,,12/1/2020,8/6/2019,#VALUE!,,0,0,
Gridiron Champions,XOne_b,iMackulate Vision Gaming,iMackulate Vision Gaming,,,,,,,,,,12/1/2020,10/18/2019,#VALUE!,,0,0,
Gridiron Champions,PS4_b,iMackulate Vision Gaming,iMackulate Vision Gaming,,,,,,,,,,12/1/2020,10/18/2019,#VALUE!,,0,0,
Gridiron Champions,PC_b,iMackulate Vision Gaming,iMackulate Vision Gaming,,,,,,,,,,12/1/2020,10/18/2019,#VALUE!,,0,0,
Griftlands,PC_b,Klei Entertainment,Klei Entertainment,,,,,,,,,,12/1/2020,6/11/2019,#VALUE!,,0,0,
Hades,PC_b,Supergiant Games,Supergiant Games,,,,,,,,,,12/1/2020,12/6/2018,#VALUE!,,0,0,
Heart of the Woods,NS_b,Sekai Project,Studio Elan,,,,,,,,,,12/1/2020,6/19/2019,#VALUE!,,0,0,
Hollow Knight: Silksong,NS_b,Team Cherry,Team Cherry,,,,,,,,,,12/1/2020,6/11/2019,#VALUE!,,0,0,
Hollow Knight: Silksong,PC_b,Team Cherry,Team Cherry,,,,,,,,,,12/1/2020,6/11/2019,#VALUE!,,0,0,
Hot Lava,Linux_b,Klei Entertainment,Klei Entertainment,,,,,,,,,,12/1/2020,7/1/2019,#VALUE!,,0,0,
Hot Lava,PC_b,Klei Entertainment,Klei Entertainment,,,,,,,,,,12/1/2020,7/1/2019,#VALUE!,,0,0,
Humankind,PC_b,Sega,Amplitude Studios,,,,,,,,,,12/1/2020,10/20/2019,#VALUE!,,0,0,
Hypercharge: Unboxed,PC_b,Digital Cybercherries,Digital Cybercherries,,,,,,,,,,12/1/2020,1/17/2020,#VALUE!,,0,0,
Hytale,PC_b,Hypixel Studios,Hypixel Studios,,,,,,,,,,12/1/2020,11/29/2019,#VALUE!,,0,0,
In Nightmare,PS4_b,Sony Computer Entertainment,Magicfish Studio,,,,,,,,,,12/1/2020,8/6/2019,#VALUE!,,0,0,
ITTA,PC_b,Armor Games,Glass Revolver,,,,,,,,,,12/1/2020,1/14/2020,#VALUE!,,0,0,
ITTA,NS_b,Armor Games,Glass Revolver,,,,,,,,,,12/1/2020,1/14/2020,#VALUE!,,0,0,
Jett: The Far Shore,PS5_b,Superbrothers,Superbrothers,,,,,,,,,,12/1/2020,6/14/2020,#VALUE!,,0,0,
Jett: The Far Shore,PS4_b,Superbrothers,Superbrothers,,,,,,,,,,12/1/2020,6/14/2020,#VALUE!,,0,0,
Jett: The Far Shore,PC_b,Superbrothers,Superbrothers,,,,,,,,,,12/1/2020,6/14/2020,#VALUE!,,0,0,
Kerbal Space Program 2,XOne_b,Squad,Squad,,,,,,,,,,12/1/2020,10/24/2019,#VALUE!,,0,0,
Kerbal Space Program 2,PS4_b,Squad,Squad,,,,,,,,,,12/1/2020,10/24/2019,#VALUE!,,0,0,
Kerbal Space Program 2,PC_b,Squad,Squad,,,,,,,,,,12/1/2020,10/24/2019,#VALUE!,,0,0,
KingÃ¢â‚¬â„¢s Bounty II,XOne_b,1C Entertainment,1C Entertainment,,,,,,,,,,12/1/2020,8/20/2019,#VALUE!,,0,0,
KingÃ¢â‚¬â„¢s Bounty II,PS4_b,1C Entertainment,1C Entertainment,,,,,,,,,,12/1/2020,8/20/2019,#VALUE!,,0,0,
KingÃ¢â‚¬â„¢s Bounty II,PC_b,1C Entertainment,1C Entertainment,,,,,,,,,,12/1/2020,8/20/2019,#VALUE!,,0,0,
KungFu Kickball,XOne_b,Blowfish Studios,WhaleFood Games,,,,,,,,,,12/1/2020,8/17/2019,#VALUE!,,0,0,
KungFu Kickball,PS4_b,Blowfish Studios,WhaleFood Games,,,,,,,,,,12/1/2020,8/17/2019,#VALUE!,,0,0,
KungFu Kickball,PC_b,Blowfish Studios,WhaleFood Games,,,,,,,,,,12/1/2020,8/17/2019,#VALUE!,,0,0,
KungFu Kickball,NS_b,Blowfish Studios,WhaleFood Games,,,,,,,,,,12/1/2020,8/17/2019,#VALUE!,,0,0,
Last Stop,XOne_b,Annapurna Interactive,Variable State,,,,,,,,,,12/1/2020,6/8/2020,#VALUE!,,0,0,
Last Stop,PC_b,Annapurna Interactive,Variable State,,,,,,,,,,12/1/2020,6/8/2020,#VALUE!,,0,0,
Last Stop,XS_b,Annapurna Interactive,Variable State,4.5,,,,,,,,,12/1/2020,9/22/2020,#VALUE!,,0,0,
Magic: Legends,PC_b,Perfect World Entertainment,Cryptic Studios,,,,,,,,,,12/1/2020,1/9/2020,#VALUE!,,0,0,
Medieval Engineers,PC_b,Keen Software House,Keen Software House,,,,,,,,,,12/1/2020,7/2/2019,#VALUE!,,0,0,
Mighty Fight Federation,XOne_b,"Komi Games, Inc","Komi Games, Inc",,,,,,,,,,12/1/2020,8/5/2019,#VALUE!,,0,0,
Mighty Fight Federation,PS4_b,"Komi Games, Inc","Komi Games, Inc",,,,,,,,,,12/1/2020,8/5/2019,#VALUE!,,0,0,
Mighty Fight Federation,PC_b,"Komi Games, Inc","Komi Games, Inc",,,,,,,,,,12/1/2020,8/5/2019,#VALUE!,,0,0,
Mighty Fight Federation,NS_b,"Komi Games, Inc","Komi Games, Inc",,,,,,,,,,12/1/2020,8/5/2019,#VALUE!,,0,0,
Minute of Islands,XOne_b,Mixtvision,Studio Fizbin,,,,,,,,,,12/1/2020,8/12/2019,#VALUE!,,0,0,
Minute of Islands,PS4_b,Mixtvision,Studio Fizbin,,,,,,,,,,12/1/2020,8/12/2019,#VALUE!,,0,0,
Minute of Islands,PC_b,Mixtvision,Studio Fizbin,,,,,,,,,,12/1/2020,8/12/2019,#VALUE!,,0,0,
Minute of Islands,NS_b,Mixtvision,Studio Fizbin,,,,,,,,,,12/1/2020,8/12/2019,#VALUE!,,0,0,
Monster Hunter Riders,iOS_b,Capcom,Capcom,,,,,,,,,,12/1/2020,1/29/2020,#VALUE!,,0,0,
Monster Hunter Riders,And_b,Capcom,Capcom,,,,,,,,,,12/1/2020,1/29/2020,#VALUE!,,0,0,
Mount & Blade II: Bannerlord,PC_b,Taleworlds,Taleworlds,,,,,,,,,,12/1/2020,7/2/2019,#VALUE!,,0,0,
Mythgard,PC_b,"Rhino Games, Inc.","Rhino Games, Inc.",,,,,,,,,,12/1/2020,8/16/2019,#VALUE!,,0,0,
Mythgard,iOS_b,"Rhino Games, Inc.","Rhino Games, Inc.",,,,,,,,,,12/1/2020,8/16/2019,#VALUE!,,0,0,
Mythgard,And_b,"Rhino Games, Inc.","Rhino Games, Inc.",,,,,,,,,,12/1/2020,8/16/2019,#VALUE!,,0,0,
"Neko Ghost, Jump!",XOne_b,Burgos Games,Burgos Games,,,,,,,,,,12/1/2020,1/16/2020,#VALUE!,,0,0,
"Neko Ghost, Jump!",PS4_b,Burgos Games,Burgos Games,,,,,,,,,,12/1/2020,1/16/2020,#VALUE!,,0,0,
"Neko Ghost, Jump!",PC_b,Burgos Games,Burgos Games,,,,,,,,,,12/1/2020,1/16/2020,#VALUE!,,0,0,
Neon City Riders,XOne_b,Bromio,Mecha Studios,,,,,,,,,,12/1/2020,12/7/2019,#VALUE!,,0,0,
Neon City Riders,PS4_b,Bromio,Mecha Studios,,,,,,,,,,12/1/2020,12/7/2019,#VALUE!,,0,0,
Neon City Riders,PC_b,Bromio,Mecha Studios,,,,,,,,,,12/1/2020,12/7/2019,#VALUE!,,0,0,
Neon City Riders,NS_b,Bromio,Mecha Studios,,,,,,,,,,12/1/2020,12/7/2019,#VALUE!,,0,0,
Nickelodeon Kart Racers 2: Grand Prix,PC_b,GameMill Entertainment,Bamtang,,,,,,,,,,12/1/2020,9/29/2020,#VALUE!,,0,0,
Ori and the Will of the Wisps,XS_b,Xbox Game Studios,Moon Studios,,,,,,,,,,12/1/2020,8/4/2020,#VALUE!,,0,0,
Overcooked! All You Can Eat,XS_b,Team17,Ghost Town Games,,,,,,,,,,12/1/2020,7/21/2020,#VALUE!,,0,0,
Overcooked! All You Can Eat,PS5_b,Team17,Ghost Town Games,,,,,,,,,,12/1/2020,7/21/2020,#VALUE!,,0,0,
Paradise Lost,XS_b,All in! Games,PolyAmorous,,,,,,,,,,12/1/2020,6/15/2020,#VALUE!,,0,0,
Paradise Lost,PS5_b,All in! Games,PolyAmorous,,,,,,,,,,12/1/2020,6/15/2020,#VALUE!,,0,0,
Paradise Lost,PC_b,All in! Games,PolyAmorous,,,,,,,,,,12/1/2020,6/15/2020,#VALUE!,,0,0,
Path of Exile 2,PC_b,Grinding Gear Games,Grinding Gear Games,,,,,,,,,,12/1/2020,11/26/2019,#VALUE!,,0,0,
Phoenix Point,XOne_b,Snapshot Games,Snapshot Games,,,,,,,,,,12/1/2020,4/8/2019,#VALUE!,,0,0,
Phoenix Point,PS4_b,Snapshot Games,Snapshot Games,,,,,,,,,,12/1/2020,12/2/2019,#VALUE!,,0,0,
Planet Coaster: Console Edition,XOne_b,Frontier Developments,Frontier Developments,,,,,,,,,,12/1/2020,11/24/2019,#VALUE!,,0,0,
Planet Coaster: Console Edition,PS4_b,Frontier Developments,Frontier Developments,,,,,,,,,,12/1/2020,11/24/2019,#VALUE!,,0,0,
Please Be Happy,PC_b,Sekai Project,Studio Elan,,,,,,,,,,12/1/2020,7/17/2020,#VALUE!,,0,0,
Please Be Happy,NS_b,Sekai Project,Studio Elan,,,,,,,,,,12/1/2020,7/17/2020,#VALUE!,,0,0,
Project Resistance,XOne_b,Capcom,Capcom,,,,,,,,,,12/1/2020,11/8/2019,#VALUE!,,0,0,
Project Resistance,PS4_b,Capcom,Capcom,,,,,,,,,,12/1/2020,11/8/2019,#VALUE!,,0,0,
Project Resistance,PC_b,Capcom,Capcom,,,,,,,,,,12/1/2020,11/8/2019,#VALUE!,,0,0,
Project Witchstone,XOne_b,SpearHead Games,Spearhead Games,,,,,,,,,,12/1/2020,8/5/2019,#VALUE!,,0,0,
Project Witchstone,PS4_b,SpearHead Games,Spearhead Games,,,,,,,,,,12/1/2020,8/5/2019,#VALUE!,,0,0,
Project Witchstone,PC_b,SpearHead Games,Spearhead Games,,,,,,,,,,12/1/2020,8/5/2019,#VALUE!,,0,0,
Psikyo Shooting Stars Alpha,NS_b,NIS America,City Connection,7,,,,,,,,,12/1/2020,8/16/2019,#VALUE!,,0,0,
Psikyo Shooting Stars Bravo,NS_b,NIS America,City Connection,6,,,,,,,,,12/1/2020,8/16/2019,#VALUE!,,0,0,
Quake Champions,PC_b,Bethesda Softworks,id Software,,,,,,,,,,12/1/2020,7/2/2019,#VALUE!,,0,0,
Rabbids: Adventure Party,NS_b,Ubisoft,Ubisoft,,,,,,,,,,12/1/2020,8/5/2019,#VALUE!,,0,0,
Ready or Not,PC_b,VOID Interactive,VOID Interactive,,,,,,,,,,12/1/2020,7/12/2019,#VALUE!,,0,0,
Reverse Collapse: Code Name Bakery,PC_b,X.D. Network Inc.,Sunborn Games Technology Co,,,,,,,,,,12/1/2020,7/26/2019,#VALUE!,,0,0,
Reverse Collapse: Code Name Bakery,NS_b,X.D. Network Inc.,Sunborn Games Technology Co,,,,,,,,,,12/1/2020,7/26/2019,#VALUE!,,0,0,
Rogue Company,XOne_b,Hi-Rez Studios,First Watch Games,,,,,,,,,,12/1/2020,7/20/2020,#VALUE!,,0,0,
Rogue Company,PS4_b,Hi-Rez Studios,First Watch Games,,,,,,,,,,12/1/2020,7/20/2020,#VALUE!,,0,0,
Rogue Company,PC_b,Hi-Rez Studios,First Watch Games,,,,,,,,,,12/1/2020,7/20/2020,#VALUE!,,0,0,
Rogue Company,NS_b,Hi-Rez Studios,First Watch Games,,,,,,,,,,12/1/2020,7/20/2020,#VALUE!,,0,0,
Roller Champions,PC_b,Ubisoft,Ubisoft,,,,,,,,,,12/1/2020,6/20/2019,#VALUE!,,0,0,
Root Double: Before Crime * After Days,NS_b,Sekai Project,Regista,,,,,,,,,,12/1/2020,6/16/2019,#VALUE!,,0,0,
RPG Time: The Legend of Wright,PC_b,Desk Works,Desk Works,,,,,,,,,,12/1/2020,6/9/2019,#VALUE!,,0,0,
RPG Time: The Legend of Wright,XOne_b,Desk Works,Desk Works,,,,,,,,,,12/1/2020,6/9/2019,#VALUE!,,0,0,
Rust,XOne_b,Facepunch Studios,Facepunch Studios,,,,,,,,,,12/1/2020,11/24/2019,#VALUE!,,0,0,
Rust,PS4_b,Facepunch Studios,Facepunch Studios,,,,,,,,,,12/1/2020,11/24/2019,#VALUE!,,0,0,
Sable,XOne_b,Raw Fury,Shedworks,,,,,,,,,,12/1/2020,7/20/2020,#VALUE!,,0,0,
Sable,PS4_b,Raw Fury,Shedworks,,,,,,,,,,12/1/2020,7/20/2020,#VALUE!,,0,0,
Sable,PC_b,Raw Fury,Shedworks,,,,,,,,,,12/1/2020,7/20/2020,#VALUE!,,0,0,
Scott Pilgrim vs. the World: The Game - Complete Edition,XOne_b,Ubisoft,Ubisoft,,,,,,,,,,12/1/2020,9/22/2020,#VALUE!,,0,0,
Scott Pilgrim vs. the World: The Game - Complete Edition,PS4_b,Ubisoft,Ubisoft,,,,,,,,,,12/1/2020,9/22/2020,#VALUE!,,0,0,
Scott Pilgrim vs. the World: The Game - Complete Edition,PC_b,Ubisoft,Ubisoft,,,,,,,,,,12/1/2020,9/22/2020,#VALUE!,,0,0,
Second Extinction,XS_b,Systemic Reaction,Systemic Reaction,,,,,,,,,,12/1/2020,5/7/2020,#VALUE!,,0,0,
Shantae: Risky's Revenge,XOne_b,WayForward Technologies,WayForward Technologies,,,,,,,,,,12/1/2020,7/10/2020,#VALUE!,,0,0,
Skater XL,XOne_b,Easy Day Studios Pty Ltd,Easy Day Studios Pty Ltd,,,,,,,,,,12/1/2020,8/16/2019,#VALUE!,,0,0,
Skater XL,PC_b,Easy Day Studios Pty Ltd,Easy Day Studios Pty Ltd,,,,,,,,,,12/1/2020,8/16/2019,#VALUE!,,0,0,
Skull & Bones,PC_b,Ubisoft,Ubisoft Singapore,,,,,,,,,,12/1/2020,6/20/2019,#VALUE!,,0,0,
Skull & Bones,XOne_b,Ubisoft,Ubisoft Singapore,,,,,,,,,,12/1/2020,6/20/2019,#VALUE!,,0,0,
Skull & Bones,PS4_b,Ubisoft,Ubisoft Singapore,,,,,,,,,,12/1/2020,6/20/2019,#VALUE!,,0,0,
Space Channel 5 VR: Kinda Funky News Flash!,PC_b,Sega,Grounding Inc.,,,,,,,,,,12/1/2020,12/6/2019,#VALUE!,,0,0,
Space Channel 5 VR: Kinda Funky News Flash!,PS4_b,Sega,Grounding Inc.,,,,,,,,,,12/1/2020,12/6/2019,#VALUE!,,0,0,
Spiritfarer,XOne_b,Thunder Lotus Games,Thunder Lotus Games,,,,,,,,,,12/1/2020,8/6/2019,#VALUE!,,0,0,
Spiritfarer,PC_b,Thunder Lotus Games,Thunder Lotus Games,,,,,,,,,,12/1/2020,8/6/2019,#VALUE!,,0,0,
Spiritfarer,PS4_b,Thunder Lotus Games,Thunder Lotus Games,,,,,,,,,,12/1/2020,8/6/2019,#VALUE!,,0,0,
Sports Story,NS_b,Sidebar Games,Sidebar Games,,,,,,,,,,12/1/2020,12/19/2019,#VALUE!,,0,0,
State of Decay 3,XS_b,Xbox Game Studios,Undead Labs,,,,,,,,,,12/1/2020,7/23/2020,#VALUE!,,0,0,
State of Decay 3,PC_b,Xbox Game Studios,Undead Labs,,,,,,,,,,12/1/2020,7/23/2020,#VALUE!,,0,0,
Super Robot Wars V,NS_b,Bandai Namco Entertainment,B.B. Studio,,,,,,,,,,12/1/2020,8/8/2019,#VALUE!,,0,0,
Super Robot Wars V,PC_b,Bandai Namco Entertainment,B.B. Studio,,,,,,,,,,12/1/2020,8/8/2019,#VALUE!,,0,0,
System Shock (Remake),PC_b,Nightdive Studios,Nightdive Studios,6,,,,,,,,,12/1/2020,6/21/2019,#VALUE!,,0,0,
System Shock (Remake),XOne_b,Nightdive Studios,Nightdive Studios,,,,,,,,,,12/1/2020,6/21/2019,#VALUE!,,0,0,
System Shock (Remake),PS4_b,Nightdive Studios,Nightdive Studios,,,,,,,,,,12/1/2020,6/21/2019,#VALUE!,,0,0,
System Shock (Remake),Linux_b,Nightdive Studios,Nightdive Studios,,,,,,,,,,12/1/2020,6/21/2019,#VALUE!,,0,0,
Tales of Arise,XOne_b,Bandai Namco Entertainment,Bandai Namco Games,,,,,,,,,,12/1/2020,6/21/2019,#VALUE!,,0,0,
Tales of Arise,PC_b,Bandai Namco Entertainment,Bandai Namco Games,,,,,,,,,,12/1/2020,6/21/2019,#VALUE!,,0,0,
Tales of Arise,PS4_b,Bandai Namco Entertainment,Bandai Namco Games,,,,,,,,,,12/1/2020,6/21/2019,#VALUE!,,0,0,
Tell Me Why,XS_b,Xbox Game Studios,DONTNOD Entertainment,,,,,,,,,,12/1/2020,7/23/2020,#VALUE!,,0,0,
The Almost Gone,PC_b,Playdigious,Happy Volcano,,,,,,,,,,12/1/2020,8/7/2019,#VALUE!,,0,0,
The Almost Gone,NS_b,Playdigious,Happy Volcano,,,,,,,,,,12/1/2020,8/7/2019,#VALUE!,,0,0,
The Almost Gone,And_b,Playdigious,Happy Volcano,,,,,,,,,,12/1/2020,8/7/2019,#VALUE!,,0,0,
The Almost Gone,iOS_b,Playdigious,Happy Volcano,,,,,,,,,,12/1/2020,8/7/2019,#VALUE!,,0,0,
The Artful Escape,XOne_b,Annapurna Interactive,Beethoven & Dinosaur,,,,,,,,,,12/1/2020,11/25/2019,#VALUE!,,0,0,
The Artful Escape,PC_b,Annapurna Interactive,Beethoven & Dinosaur,,,,,,,,,,12/1/2020,11/25/2019,#VALUE!,,0,0,
The Artful Escape,iOS_b,Annapurna Interactive,Beethoven & Dinosaur,,,,,,,,,,12/1/2020,11/25/2019,#VALUE!,,0,0,
The Ascent,XS_b,Curve Digital,Neon Giant,,,,,,,,,,12/1/2020,5/7/2020,#VALUE!,,0,0,
The Ascent,XOne_b,Curve Digital,Neon Giant,,,,,,,,,,12/1/2020,5/7/2020,#VALUE!,,0,0,
The Ascent,PC_b,Curve Digital,Neon Giant,,,,,,,,,,12/1/2020,5/22/2020,#VALUE!,,0,0,
The Elder Scrolls VI,PC_b,Bethesda Softworks,Bethesda Game Studios,,,,,,,,,,12/1/2020,11/8/2019,#VALUE!,,0,0,
The Elder Scrolls: Blades,iOS_b,Bethesda Softworks,Bethesda Game Studios,,,,,,,,,,12/1/2020,6/9/2019,#VALUE!,,0,0,
The Elder Scrolls: Blades,And_b,Bethesda Softworks,Bethesda Game Studios,,,,,,,,,,12/1/2020,6/9/2019,#VALUE!,,0,0,
The Falconeer,PC_b,Wired Productions,Tomas Sala,,,,,,,,,,12/1/2020,8/17/2019,#VALUE!,,0,0,
The Good Life,XOne_b,White Owls,White Owls,,,,,,,,,,12/1/2020,8/13/2020,#VALUE!,,0,0,
The Good Life,PS4_b,White Owls,White Owls,,,,,,,,,,12/1/2020,8/13/2020,#VALUE!,,0,0,
The Good Life,NS_b,White Owls,White Owls,,,,,,,,,,12/1/2020,8/13/2020,#VALUE!,,0,0,
The Guild 3,PC_b,THQ Nordic,GolemLabs,,,,,,,,,,12/1/2020,1/8/2020,#VALUE!,,0,0,
The Idolmaster: Starlit Season,PS4_b,Bandai Namco Entertainment,Bandai Namco Games,,,,,,,,,,12/1/2020,7/16/2020,#VALUE!,,0,0,
The Idolmaster: Starlit Season,PC_b,Bandai Namco Entertainment,Bandai Namco Games,,,,,,,,,,12/1/2020,7/16/2020,#VALUE!,,0,0,
The Last Campfire,XOne_b,Hello Games,Hello Games,6,,,,,,,,,12/1/2020,6/8/2020,#VALUE!,,0,0,
The Last Campfire,PS4_b,Hello Games,Hello Games,,,,,,,,,,12/1/2020,6/8/2020,#VALUE!,,0,0,
The Last Campfire,NS_b,Hello Games,Hello Games,,,,,,,,,,12/1/2020,6/8/2020,#VALUE!,,0,0,
The Last Spell,NS_b,CCCP,CCCP,,,,,,,,,,12/1/2020,8/10/2019,#VALUE!,,0,0,
The Last Spell,PC_b,CCCP,CCCP,,,,,,,,,,12/1/2020,8/10/2019,#VALUE!,,0,0,
The Medium,XS_b,Bloober Team,Bloober Team,7.5,,,,,,,,,12/1/2020,5/7/2020,#VALUE!,,0,0,
The Medium,PC_b,Bloober Team,Bloober Team,,,,,,,,,,12/1/2020,5/7/2020,#VALUE!,,0,0,
The Oriental Exorcist,PS4_b,bilibili,wildfiregame,,,,,,,,,,12/1/2020,8/5/2019,#VALUE!,,0,0,
The Oriental Exorcist,PC_b,bilibili,wildfiregame,,,,,,,,,,12/1/2020,8/5/2019,#VALUE!,,0,0,
The Pathless,PS4_b,Annapurna Interactive,Giant Squid Studios,,,,,,,,,,12/1/2020,6/8/2019,#VALUE!,,0,0,
The Pathless,PC_b,Annapurna Interactive,Giant Squid Studios,,,,,,,,,,12/1/2020,6/8/2019,#VALUE!,,0,0,
The Pathless,PS5_b,Annapurna Interactive,Giant Squid Studios,8.5,,,,,,,,,12/1/2020,6/15/2020,#VALUE!,,0,0,
The Settlers: New Allies,PC_b,Ubisoft,Blue Byte,,,,,,,,,,12/1/2020,12/31/2022,#VALUE!,,0,0,
The Survivalists,XOne_b,Team17,Team17,,,,,,,,,,12/1/2020,12/10/2019,#VALUE!,,0,0,
The Survivalists,PS4_b,Team17,Team17,,,,,,,,,,12/1/2020,12/10/2019,#VALUE!,,0,0,
The Survivalists,PC_b,Team17,Team17,,,,,,,,,,12/1/2020,12/10/2019,#VALUE!,,0,0,
The Survivalists,NS_b,Team17,Team17,5,,,,,,,,,12/1/2020,12/10/2019,#VALUE!,,0,0,
The Universim,PC_b,Crytivo Games,Crytivo Games,,,,,,,,,,12/1/2020,7/2/2019,#VALUE!,,0,0,
The Universim,Linux_b,Crytivo Games,Crytivo Games,,,,,,,,,,12/1/2020,7/2/2019,#VALUE!,,0,0,
Tom Clancy's Rainbow Six: Extraction,PC_b,Ubisoft,Ubisoft Montreal,,,,,,,,,,12/1/2020,6/10/2021,#VALUE!,,0,0,
Tom Clancy's Rainbow Six: Extraction,PS4_b,Ubisoft,Ubisoft Montreal,,,,,,,,,,12/1/2020,6/10/2021,#VALUE!,,0,0,
Tom Clancy's Rainbow Six: Extraction,XOne_b,Ubisoft,Ubisoft Montreal,,,,,,,,,,12/1/2020,6/10/2021,#VALUE!,,0,0,
Tom Clancy's Rainbow Six: Extraction,XS_b,Ubisoft,Ubisoft Montreal,,,,,,,,,,12/1/2020,6/10/2021,#VALUE!,,0,0,
Tom Clancy's Rainbow Six: Extraction,PS5_b,Ubisoft,Ubisoft Montreal,,,,,,,,,,12/1/2020,6/10/2021,#VALUE!,,0,0,
Tom Clancy's Rainbow Six: Siege,XS_b,Ubisoft,Ubisoft Montreal,,,,,,,,,,12/1/2020,6/17/2020,#VALUE!,,0,0,
Tom Clancy's Rainbow Six: Siege,PS5_b,Ubisoft,Ubisoft Montreal,,,,,,,,,,12/1/2020,6/17/2020,#VALUE!,,0,0,
Scott Pilgrim vs. the World: The Game - Complete Edition,NS_b,Ubisoft,Ubisoft,,,,0.03m,,,,,,12/1/2020,9/22/2020,#VALUE!,,0,0,
Windjammers 2,NS_b,DotEmu,DotEmu,7,,,,,,,,,12/1/2020,6/17/2019,#VALUE!,,0,0,
Windjammers 2,PC_b,DotEmu,DotEmu,,,,,,,,,,12/1/2020,6/17/2019,#VALUE!,,0,0,
Witchbrook,PC_b,Chucklefish,Chucklefish,,,,,,,,,,12/1/2020,7/13/2019,#VALUE!,,0,0,
WRC 9,XS_b,Nacon,Kylotonn,,,,,,,,,,12/1/2020,6/17/2020,#VALUE!,,0,0,
WRC 9,PS5_b,Nacon,Kylotonn,,,,,,,,,,12/1/2020,6/17/2020,#VALUE!,,0,0,
Yakuza: Like A Dragon,PS5_b,Sega,Sega,,,,,,,,,,12/1/2020,9/15/2020,#VALUE!,,0,0,
Yo-kai Watch 1 for Nintendo Switch,NS_b,Nintendo,Level 5,,,,,,,,,,12/1/2020,8/12/2019,#VALUE!,,0,0,
The Good Life,PC_b,White Owls,White Owls,,,,,,,,,,12/2/2020,8/13/2020,#VALUE!,,0,0,
Shiren the Wanderer: The Tower of Fortune and the Dice of Fate,NS_b,Aksys Games,ChunSoft,,,,,,,,,,12/2/2020,6/10/2020,#VALUE!,,0,0,
Shiren the Wanderer: The Tower of Fortune and the Dice of Fate,PC_b,Spike Chunsoft,Spike Chunsoft,,,,,,,,,,12/2/2020,7/22/2020,#VALUE!,,0,0,
Immortals Fenyx Rising,PC_b,Ubisoft,Ubisoft,,,,,,,,,,12/3/2020,9/20/2020,#VALUE!,,0,0,
Immortals Fenyx Rising,PS4_b,Ubisoft,Ubisoft,,,,,,,,,,12/3/2020,9/20/2020,#VALUE!,,0,0,
Immortals Fenyx Rising,NS_b,Ubisoft,Ubisoft,,,,,,,,,,12/3/2020,9/20/2020,#VALUE!,,0,0,
Immortals Fenyx Rising,XOne_b,Ubisoft,Ubisoft,,,,,,,,,,12/3/2020,9/20/2020,#VALUE!,,0,0,
Immortals Fenyx Rising,XS_b,Ubisoft,Ubisoft,,,,,,,,,,12/3/2020,9/20/2020,#VALUE!,,0,0,
Immortals Fenyx Rising,PS5_b,Ubisoft,Ubisoft,,,,,,,,,,12/3/2020,9/20/2020,#VALUE!,,0,0,
Jack Jeanne,NS_b,Broccoli,Broccoli,,,,,,,,,,12/3/2020,5/16/2020,#VALUE!,,0,0,
Fitness Boxing 2: Rhythm & Exercise,NS_b,Nintendo,Imagineer,,,,1.00m,,,,,,12/4/2020,4/17/2022,#VALUE!,,0,0,
Dragon Quest XI S: Definitive Edition,XOne_b,Square Enix,Square Enix,,,,,,,,,,12/4/2020,7/24/2020,#VALUE!,,0,0,
Dragon Quest XI S: Definitive Edition,PS4_b,Square Enix,Square Enix,,,,,,,,,,12/4/2020,7/24/2020,#VALUE!,,0,0,
Dragon Quest XI S: Definitive Edition,PC_b,Square Enix,Square Enix,,,,,,,,,,12/4/2020,7/24/2020,#VALUE!,,0,0,
Fire Emblem: Shadow Dragon and the Blade of Light,NS_b,Nintendo,Intelligent Systems,,,,,,,,,,12/4/2020,1/22/2021,#VALUE!,,0,0,
Darksiders Genesis,PC_b,THQ Nordic,Airship Syndicate,9,,,,,,,,,12/5/2020,6/8/2019,#VALUE!,,0,0,
Puyo Puyo Tetris 2,XOne_b,Sega,Sega,,,,,,,,,,12/8/2020,8/27/2020,#VALUE!,,0,0,
Puyo Puyo Tetris 2,PS4_b,Sega,Sega,,,,,,,,,,12/8/2020,8/27/2020,#VALUE!,,0,0,
Puyo Puyo Tetris 2,NS_b,Sega,Sega,,,,,,,,,,12/8/2020,8/27/2020,#VALUE!,,0,0,
Dwarf Fortress,PC_b,Kitfox Games,Bay 12 Games,,,,,,,,,,12/8/2020,,#VALUE!,,0,0,
DiRT 5,PS5_b,Codemasters,Codemasters,,,,,,,,,,12/9/2020,5/7/2020,#VALUE!,,0,0,
Cyberpunk 2077,All_b,CD Projekt Red Studio,CD Projekt Red Studio,,,,20.00m,,,,,,12/10/2020,10/2/2022,#VALUE!,,0,0,
Romance of the Three Kingdoms XIV: Diplomacy and Strategy Expansion Pack,All_b,Koei Tecmo,Koei Tecmo Games,,,,0.10m,,,,,,12/10/2020,3/5/2021,#VALUE!,,0,0,
Medal of Honor: Above and Beyond,PC_b,Electronic Arts,Respawn Entertainment,,,,,,,,,,12/11/2020,10/29/2019,#VALUE!,,0,0,
Collection of SaGa: Final Fantasy Legend,NS_b,Square Enix,Square Enix,,,,,,,,,,12/15/2020,8/28/2020,#VALUE!,,0,0,
G.I. Joe: Operation Blackout,PC_b,GameMill Entertainment,Fair Play Labs,,,,,,,,,,12/15/2020,12/18/2020,#VALUE!,,0,0,
Doom Eternal,NS_b,Bethesda Softworks,id Software,,,,,,,,,,12/20/2020,6/13/2018,#VALUE!,,0,0,
Maneater,NS_b,Tripwire Interactive,Tripwire Interactive,,,,,,,,,,12/22/2020,12/16/2019,#VALUE!,,0,0,
Insurgency: Sandstorm,XOne_b,Focus Home Interactive,New World Interactive,,,,,,,,,,12/25/2020,12/12/2018,#VALUE!,,0,0,
Insurgency: Sandstorm,PS4_b,Focus Home Interactive,New World Interactive,,,,,,,,,,12/25/2020,12/12/2018,#VALUE!,,0,0,
Pathfinder: Kingmaker,NS_b,Deep Silver,Owlcat Games,,,,,,,,,,12/25/2020,11/18/2018,#VALUE!,,0,0,
Super Meat Boy Forever,And_b,Team Meat,Team Meat,,,,,,,,,,12/26/2020,,#VALUE!,,0,0,
Super Meat Boy Forever,PC_b,Team Meat,Team Meat,,,,,,,,,,12/26/2020,,#VALUE!,,0,0,
Super Meat Boy Forever,NS_b,Team Meat,Team Meat,6,,,,,,,,,12/26/2020,2/13/2018,#VALUE!,,0,0,
Super Meat Boy Forever,XOne_b,Team Meat,Team Meat,,,,,,,,,,12/26/2020,4/1/2019,#VALUE!,,0,0,
Super Meat Boy Forever,PS4_b,Team Meat,Team Meat,,,,,,,,,,12/26/2020,4/1/2019,#VALUE!,,0,0,
Afterparty,NS_b,Night School Studio,Night School Studio,,,,,,,,,,12/30/2020,11/12/2018,#VALUE!,,0,0,
Eastward,PC_b,Chucklefish,Pixpil,,,,,,,,,,12/30/2020,4/30/2018,#VALUE!,,0,0,
Eastward,NS_b,Chucklefish,Pixpil,,,,,,,,,,12/30/2020,9/13/2019,#VALUE!,,0,0,
Indivisible,NS_b,505 Games,Lab Zero Games,,,,,,,,,,12/30/2020,4/11/2019,#VALUE!,,0,0,
Mineko's Night Market,NS_b,Humble Bundle,Meowza Games,,,,,,,,,,12/30/2020,11/4/2018,#VALUE!,,0,0,
Ooblets,PC_b,Double Fine Presents,Glumberland,,,,,,,,,,12/30/2020,1/23/2018,#VALUE!,,0,0,
RÃƒÂ¶ki,NS_b,CI Games,Polygon Treehouse,,,,,,,,,,12/30/2020,9/16/2019,#VALUE!,,0,0,
The Red Lantern,NS_b,"Timberline Studio, Inc.","Timberline Studio, Inc.",,,,,,,,,,12/30/2020,4/2/2019,#VALUE!,,0,0,
Plague Inc: Evolved,PC_b,Ndemic Creations,Ndemic Creations,,,,2.00m,,,,,,12/31/2020,2/2/2019,#VALUE!,,0,0,
Final Fantasy Type-0,PSP_b,Unknown,Square Enix,,,,,0.81m,,,0.81m,,12/31/2020,,0.81,,0.81,0.81,
Dragon Quest Monsters: Caravan Heart,GBA_b,Unknown,TOSE,,,,,0.66m,,,0.64m,0.02m,12/31/2020,,0.66,,0.66,0.66,
Food Battle: The Game,PC_b,Smosh LLC,Unknown,,,,,,,,,,12/31/2020,,#VALUE!,,0,0,
Food Battle: The Game,And_b,Smosh LLC,Unknown,,,,,,,,,,12/31/2020,,#VALUE!,,0,0,
Football Manager 2015,And_b,Sega,Sports Interactive,,,,,,,,,,12/31/2020,5/29/2018,#VALUE!,,0,0,
FORCED,PS3_b,BetaDwarf,Unknown,,,,,,,,,,12/31/2020,,#VALUE!,,0,0,
FORCED,X360_b,BetaDwarf,Unknown,,,,,,,,,,12/31/2020,,#VALUE!,,0,0,
FORCED,XOne_b,BetaDwarf,BetaDwarf,,,,,,,,,,12/31/2020,,#VALUE!,,0,0,
Formula 1 Sensation,NES_b,Unknown,Konami,,,,,,,,,,12/31/2020,,#VALUE!,,0,0,
Garfield Gets Real,Wii_b,Unknown,PAWS,,,,,,,,,,12/31/2020,,#VALUE!,,0,0,
Gauntlet,DS_b,Unknown,Backbone Entertainment,,,,,,,,,,12/31/2020,,#VALUE!,,0,0,
Ghost Whisperer: Shadowlands,PC_b,Unknown,Unknown,,,,,,,,,,12/31/2020,,#VALUE!,,0,0,
Ghosts 'n Goblins,GBA_b,Capcom,Unknown,,,,,,,,,,12/31/2020,,#VALUE!,,0,0,
Gun Loco,X360_b,Unknown,AQ Interactive,,,,,,,,,,12/31/2020,,#VALUE!,,0,0,
Hannah Montana: Pop Star Exclusive,DS_b,Unknown,Disney Interactive Studios,,,,,,,,,,12/31/2020,,#VALUE!,,0,0,
HardGrip,Wii_b,Unknown,Human Soft,,,,,,,,,,12/31/2020,,#VALUE!,,0,0,
HardGrip,PS3_b,Unknown,Human Soft,,,,,,,,,,12/31/2020,,#VALUE!,,0,0,
HardGrip,X360_b,Unknown,Human Soft,,,,,,,,,,12/31/2020,,#VALUE!,,0,0,
Hearthstone: Heroes of Warcraft,PC_b,Blizzard Entertainment,Unknown,,,,,,,,,,12/31/2020,,#VALUE!,,0,0,
Hei$t,X360_b,Unknown,InXile Entertainment,,,,,,,,,,12/31/2020,,#VALUE!,,0,0,
Hei$t,PC_b,Unknown,InXile Entertainment,,,,,,,,,,12/31/2020,,#VALUE!,,0,0,
Hellraiser,NES_b,Unknown,Color Dreams,,,,,,,,,,12/31/2020,,#VALUE!,,0,0,
Hero-U: Rogue to Redemption,PC_b,Transolar Games,Unknown,,,,,,,,,,12/31/2020,,#VALUE!,,0,0,
Hero-U: Rogue to Redemption,OSX_b,Transolar Games,Unknown,,,,,,,,,,12/31/2020,,#VALUE!,,0,0,
Hero-U: Rogue to Redemption,Linux_b,Transolar Games,Unknown,,,,,,,,,,12/31/2020,,#VALUE!,,0,0,
High Heat Major League Baseball 2004,GBA_b,Unknown,3DO,,,,,,,,,,12/31/2020,,#VALUE!,,0,0,
Highlander,PC_b,Unknown,Unknown,,,,,,,,,,12/31/2020,,#VALUE!,,0,0,
Highlander,X360_b,Unknown,Unknown,,,,,,,,,,12/31/2020,,#VALUE!,,0,0,
Highlander,PS3_b,Unknown,Unknown,,,,,,,,,,12/31/2020,,#VALUE!,,0,0,
Homeworld: Shipbreakers,PC_b,Gearbox Software,Blackbird Interactive,,,,,,,,,,12/31/2020,,#VALUE!,,0,0,
Hover : Revolt of Gamers,Linux_b,Unknown,Unknown,,,,,,,,,,12/31/2020,,#VALUE!,,0,0,
Hover : Revolt of Gamers,PC_b,Unknown,Unknown,,,,,,,,,,12/31/2020,,#VALUE!,,0,0,
Hover : Revolt of Gamers,OSX_b,Unknown,Unknown,,,,,,,,,,12/31/2020,,#VALUE!,,0,0,
Hugo Bukkazoom!,GBA_b,Unknown,ITE Media,,,,,,,,,,12/31/2020,,#VALUE!,,0,0,
Huxley: The Dystopia,X360_b,Unknown,Webzen,,,,,,,,,,12/31/2020,,#VALUE!,,0,0,
inSane,PS3_b,Unknown,Volition Studios,,,,,,,,,,12/31/2020,,#VALUE!,,0,0,
inSane,X360_b,Unknown,Volition Studios,,,,,,,,,,12/31/2020,,#VALUE!,,0,0,
Inside My Radio,XOne_b,Seaven Studio,Seaven Studio,,,,,,,,,,12/31/2020,,#VALUE!,,0,0,
Inside My Radio,PS4_b,Seaven Studio,Seaven Studio,,,,,,,,,,12/31/2020,,#VALUE!,,0,0,
Inside My Radio,PC_b,Seaven Studio,Seaven Studio,,,,,,,,,,12/31/2020,,#VALUE!,,0,0,
Into the Stars,OSX_b,Fugitive Games,Fugitive Games,,,,,,,,,,12/31/2020,,#VALUE!,,0,0,
Into the Stars,PC_b,Fugitive Games,Fugitive Games,,,,,,,,,,12/31/2020,,#VALUE!,,0,0,
Jack Houston and the Necronauts,PC_b,Unknown,Unknown,,,,,,,,,,12/31/2020,,#VALUE!,,0,0,
Kaiju Panic,XOne_b,Mechabit,Mechabit,,,,,,,,,,12/31/2020,,#VALUE!,,0,0,
Kaiju Panic,Linux_b,Mechabit,Mechabit,,,,,,,,,,12/31/2020,,#VALUE!,,0,0,
Kaiju Panic,OSX_b,Mechabit,Mechabit,,,,,,,,,,12/31/2020,,#VALUE!,,0,0,
Kaiju Panic,PC_b,Mechabit,Mechabit,,,,,,,,,,12/31/2020,,#VALUE!,,0,0,
Kitty Luv,Wii_b,Unknown,Unknown,,,,,,,,,,12/31/2020,,#VALUE!,,0,0,
Lacuna Passage,OSX_b,Infogrames Melbourne,Unknown,,,,,,,,,,12/31/2020,,#VALUE!,,0,0,
Lacuna Passage,PC_b,Infogrames Melbourne,Unknown,,,,,,,,,,12/31/2020,,#VALUE!,,0,0,
Lacuna Passage,Linux_b,Infogrames Melbourne,Unknown,,,,,,,,,,12/31/2020,,#VALUE!,,0,0,
Landmark,PC_b,Sony Online Entertainment,Sony Online Entertainment,,,,,,,,,,12/31/2020,,#VALUE!,,0,0,
Lovers in a Dangerous Spacetime,OSX_b,Asteroid Base,Unknown,,,,,,,,,,12/31/2020,,#VALUE!,,0,0,
Lovers in a Dangerous Spacetime,XOne_b,Asteroid Base,Asteroid Base,,,,,,,,,,12/31/2020,,#VALUE!,,0,0,
M.A.V.,PC_b,BombDog,Unknown,,,,,,,,,,12/31/2020,,#VALUE!,,0,0,
Magrunner: Dark Pulse,X360_b,Unknown,Unknown,,,,,,,,,,12/31/2020,,#VALUE!,,0,0,
Magrunner: Dark Pulse,PS3_b,Focus Home Interactive,Unknown,,,,,,,,,,12/31/2020,,#VALUE!,,0,0,
Mashed,PS2_b,Unknown,Supersonic,,,,,,,,,,12/31/2020,,#VALUE!,,0,0,
Math Patrol: The Venus Virus,GBA_b,Unknown,GXB Interactive,,,,,,,,,,12/31/2020,,#VALUE!,,0,0,
Megatokyo,Linux_b,Supersonic,Unknown,,,,,,,,,,12/31/2020,,#VALUE!,,0,0,
Megatokyo,PC_b,Supersonic,Unknown,,,,,,,,,,12/31/2020,,#VALUE!,,0,0,
Megatokyo,OSX_b,Supersonic,Unknown,,,,,,,,,,12/31/2020,,#VALUE!,,0,0,
Mevius Final Fantasy,And_b,Square Enix,Square Enix,,,,,,,,,,12/31/2020,,#VALUE!,,0,0,
Minecraft: Story Mode,PSV_b,Mojang,Telltale Games,,,,,,,,,,12/31/2020,,#VALUE!,,0,0,
Mistborn: Birthright,X360_b,Little Orbit,Unknown,,,,,,,,,,12/31/2020,,#VALUE!,,0,0,
Mistborn: Birthright,PS3_b,Little Orbit,Unknown,,,,,,,,,,12/31/2020,,#VALUE!,,0,0,
Mistborn: Birthright,PC_b,Little Orbit,Unknown,,,,,,,,,,12/31/2020,,#VALUE!,,0,0,
Monaco: What's Yours Is Mine,OSX_b,Pocketwatch Games,Unknown,,,,,,,,,,12/31/2020,,#VALUE!,,0,0,
Muse: Together Is the New Alone,PS4_b,Pygmy Studio,Pygmy Studio,,,,,,,,,,12/31/2020,,#VALUE!,,0,0,
Muse: Together Is the New Alone,PSV_b,Pygmy Studio,Pygmy Studio,,,,,,,,,,12/31/2020,,#VALUE!,,0,0,
Need for Speed No Limits,And_b,Electronic Arts,Firemonkeys,,,,,,,,,,12/31/2020,,#VALUE!,,0,0,
Neo Aquarium 2: Ace of Seafood,PC_b,Playism,Nussoft,,,,,,,,,,12/31/2020,,#VALUE!,,0,0,
Neo Aquarium 2: Ace of Seafood,And_b,Playism,Nussoft,,,,,,,,,,12/31/2020,,#VALUE!,,0,0,
Nosgoth,PC_b,Square Enix,Psyonix,,,,,,,,,,12/31/2020,,#VALUE!,,0,0,
Oddworld: Abe's Oddysee New N' Tasty!,PSV_b,Oddworld Inhabitants,Just Add Water,,,,,,,,,,12/31/2020,,#VALUE!,,0,0,
Oddworld: Abe's Oddysee New N' Tasty!,WiiU_b,Oddworld Inhabitants,Unknown,,,,,,,,,,12/31/2020,,#VALUE!,,0,0,
Off-Road Drive,PS3_b,1C Company,Avalon Style,,,,,,,,,,12/31/2020,,#VALUE!,,0,0,
Off-Road Drive,X360_b,1C Company,Avalon Style,,,,,,,,,,12/31/2020,,#VALUE!,,0,0,
Order Up!!,PSV_b,Ignition Entertainment,SuperVillain Studios,,,,,,,,,,12/31/2020,,#VALUE!,,0,0,
Pier Solar and the Great Architects,X360_b,WaterMelon,WaterMelon Development,,,,,,,,,,12/31/2020,,#VALUE!,,0,0,
Pier Solar and the Great Architects,Ouya_b,WaterMelon,WaterMelon Development,,,,,,,,,,12/31/2020,,#VALUE!,,0,0,
Pier Solar and the Great Architects,And_b,WaterMelon,WaterMelon Development,,,,,,,,,,12/31/2020,,#VALUE!,,0,0,
Pinky and the Brain: The Master Plan,GBA_b,Unknown,Warthog,,,,,,,,,,12/31/2020,,#VALUE!,,0,0,
Pipe Mania,Wii_b,Unknown,Razorworks Studios,,,,,,,,,,12/31/2020,,#VALUE!,,0,0,
Plague Inc.,XOne_b,Ndemic Creations,Ndemic Creations,,,,,,,,,,12/31/2020,,#VALUE!,,0,0,
Portal 1 & 2 Pack,PC_b,Unknown,Valve Software,,,,,,,,,,12/31/2020,,#VALUE!,,0,0,
Prey 2,PS3_b,Bethesda Softworks,Human Head Studios,,,,,,,,,,12/31/2020,,#VALUE!,,0,0,
Prey 2,X360_b,Bethesda Softworks,Human Head Studios,,,,,,,,,,12/31/2020,,#VALUE!,,0,0,
Prey 2,PC_b,Bethesda Softworks,Human Head Studios,,,,,,,,,,12/31/2020,,#VALUE!,,0,0,
Primal Carnage: Genesis,PS4_b,Unknown,Unknown,,,,,,,,,,12/31/2020,,#VALUE!,,0,0,
Prime World,And_b,Unknown,Unknown,,,,,,,,,,12/31/2020,,#VALUE!,,0,0,
Prime World,PC_b,Unknown,Unknown,,,,,,,,,,12/31/2020,,#VALUE!,,0,0,
Project Phoenix,PSV_b,Unknown,Unknown,,,,,,,,,,12/31/2020,,#VALUE!,,0,0,
Project Phoenix,And_b,Unknown,Unknown,,,,,,,,,,12/31/2020,,#VALUE!,,0,0,
Project Phoenix,Linux_b,Unknown,Unknown,,,,,,,,,,12/31/2020,,#VALUE!,,0,0,
Project Phoenix,OSX_b,Unknown,Unknown,,,,,,,,,,12/31/2020,,#VALUE!,,0,0,
Project Phoenix,PC_b,Unknown,Unknown,,,,,,,,,,12/31/2020,,#VALUE!,,0,0,
Project Phoenix,PS4_b,Unknown,Unknown,,,,,,,,,,12/31/2020,,#VALUE!,,0,0,
Project Zomboid,Linux_b,The Indie Stone,Unknown,,,,,,,,,,12/31/2020,,#VALUE!,,0,0,
Project Zomboid,OSX_b,The Indie Stone,Unknown,,,,,,,,,,12/31/2020,,#VALUE!,,0,0,
Project Zomboid,PC_b,The Indie Stone,Unknown,,,,,,,,,,12/31/2020,,#VALUE!,,0,0,
Puzzle Agent,WW_b,Unknown,Telltale Games,,,,,,,,,,12/31/2020,,#VALUE!,,0,0,
Retro City Rampage,WW_b,Unknown,Vblank Entertainment Inc.,,,,,,,,,,12/31/2020,,#VALUE!,,0,0,
ReVeN,Linux_b,Unknown,Unknown,,,,,,,,,,12/31/2020,,#VALUE!,,0,0,
ReVeN,OSX_b,Unknown,Unknown,,,,,,,,,,12/31/2020,,#VALUE!,,0,0,
ReVeN,PC_b,Unknown,Unknown,,,,,,,,,,12/31/2020,,#VALUE!,,0,0,
Risk of Rain,PSV_b,"Infocom, Inc.",Unknown,,,,,,,,,,12/31/2020,,#VALUE!,,0,0,
RoboCop,GBA_b,Unknown,Mirage Interactive,,,,,,,,,,12/31/2020,,#VALUE!,,0,0,
Rocketbirds 2: Evolution,PS4_b,Unknown,Unknown,,,,,,,,,,12/31/2020,,#VALUE!,,0,0,
Sacrilegium,PC_b,TopWare Interactive,Unknown,,,,,,,,,,12/31/2020,,#VALUE!,,0,0,
Sacrilegium,X360_b,TopWare Interactive,Unknown,,,,,,,,,,12/31/2020,,#VALUE!,,0,0,
Sacrilegium,PS3_b,TopWare Interactive,Unknown,,,,,,,,,,12/31/2020,,#VALUE!,,0,0,
Sacrilegium,OSX_b,TopWare Interactive,Unknown,,,,,,,,,,12/31/2020,,#VALUE!,,0,0,
Sadness,Wii_b,Unknown,Nibris,,,,,,,,,,12/31/2020,,#VALUE!,,0,0,
Samphi,PC_b,Desura,Unknown,,,,,,,,,,12/31/2020,,#VALUE!,,0,0,
SBK08 Superbike World Championship,PC_b,Unknown,Milestone,,,,,,,,,,12/31/2020,,#VALUE!,,0,0,
Seraph of the End: The Origin of Fate,PSV_b,Namco Bandai Games,Namco Bandai Games,,,,,,,,,,12/31/2020,,#VALUE!,,0,0,
Silent Hills,PS4_b,Konami Digital Entertainment,Kojima Productions,,,,,,,,,,12/31/2020,,#VALUE!,,0,0,
Silent Hunter Online,PC_b,Ubisoft,Blue Byte,,,,,,,,,,12/31/2020,,#VALUE!,,0,0,
Sine Mora,PSN_b,Unknown,Digital Reality,,,,,,,,,,12/31/2020,,#VALUE!,,0,0,
Sine Mora,XBL_b,Unknown,Digital Reality,7.8,,,,,,,,,12/31/2020,,#VALUE!,,0,0,
Sins of a Dark Age,PC_b,Infinite Game Publishing,Unknown,,,,,,,,,,12/31/2020,,#VALUE!,,0,0,
Slender: The Arrival,WiiU_b,Unknown,Unknown,,,,,,,,,,12/31/2020,,#VALUE!,,0,0,
Slender: The Arrival,X360_b,Unknown,Unknown,,,,,,,,,,12/31/2020,,#VALUE!,,0,0,
Slender: The Arrival,PS3_b,Unknown,Unknown,,,,,,,,,,12/31/2020,,#VALUE!,,0,0,
Smart Girl's Magical Book Club,DS_b,Unknown,Starfish Inc.,,,,,,,,,,12/31/2020,,#VALUE!,,0,0,
Soulcalibur: Unbreakable Soul,And_b,Namco Bandai Games,Unknown,,,,,,,,,,12/31/2020,,#VALUE!,,0,0,
Space Station Tycoon,Wii_b,Unknown,Namco Bandai Games America,,,,,,,,,,12/31/2020,,#VALUE!,,0,0,
Spectra 8bit Racing,XOne_b,NetherRealm Studios / Other Ocean Interactive,NetherRealm Studios / Other Ocean Interactive,,,,,,,,,,12/31/2020,,#VALUE!,,0,0,
Spin the Bottle: Bumpie's Party,WiiU_b,KnapNok Games,Unknown,7,,,,,,,,,12/31/2020,,#VALUE!,,0,0,
Star Trek: Infinite Space,PC_b,Unknown,GameForge,,,,,,,,,,12/31/2020,,#VALUE!,,0,0,
Star Wars: 1313,X360_b,LucasArts,Unknown,,,,,,,,,,12/31/2020,,#VALUE!,,0,0,
Star Wars: 1313,PS3_b,LucasArts,Unknown,,,,,,,,,,12/31/2020,,#VALUE!,,0,0,
Star Wars: 1313,PC_b,LucasArts,Unknown,,,,,,,,,,12/31/2020,,#VALUE!,,0,0,
Stonehearth,PC_b,SIMS Co.,Unknown,,,,,,,,,,12/31/2020,,#VALUE!,,0,0,
Stonehearth,OSX_b,SIMS Co.,Unknown,,,,,,,,,,12/31/2020,,#VALUE!,,0,0,
Stonehearth,Linux_b,SIMS Co.,Unknown,,,,,,,,,,12/31/2020,,#VALUE!,,0,0,
Sword of Fargoal 2,PC_b,Fargoal,Unknown,,,,,,,,,,12/31/2020,,#VALUE!,,0,0,
Sword of Fargoal 2,Linux_b,Fargoal,Unknown,,,,,,,,,,12/31/2020,,#VALUE!,,0,0,
Sword of Fargoal 2,OSX_b,Fargoal,Unknown,,,,,,,,,,12/31/2020,,#VALUE!,,0,0,
Swords & Soldiers II,WiiU_b,Ronimo Games,Unknown,,,,,,,,,,12/31/2020,,#VALUE!,,0,0,
Tales from the Borderlands,OSX_b,Telltale Games,Telltale Games,,,,,,,,,,12/31/2020,,#VALUE!,,0,0,
Tango Fiesta,PC_b,Mastertronic,Unknown,,,,,,,,,,12/31/2020,,#VALUE!,,0,0,
The Agency,PS3_b,Unknown,Sony Online Entertainment,,,,,,,,,,12/31/2020,,#VALUE!,,0,0,
The Amazing Race,DS_b,Unknown,Ludia Inc.,,,,,,,,,,12/31/2020,,#VALUE!,,0,0,
The Amazing Race,PC_b,Unknown,Ludia Inc.,,,,,,,,,,12/31/2020,,#VALUE!,,0,0,
The Amazing Race,X360_b,Unknown,Ludia Inc.,,,,,,,,,,12/31/2020,,#VALUE!,,0,0,
The Banner Saga 2,PSV_b,Versus Evil,Stoic Studio,,,,,,,,,,12/31/2020,,#VALUE!,,0,0,
The Dead Linger,PC_b,Sandswept Studios,Unknown,,,,,,,,,,12/31/2020,,#VALUE!,,0,0,
The Fish Files,GB_b,Unknown,7th Sense s.r.l.,,,,,,,,,,12/31/2020,,#VALUE!,,0,0,
The Walking Dead: Season Three,XOne_b,Telltale Games,Telltale Games,,,,,,,,,,12/31/2020,,#VALUE!,,0,0,
The Walking Dead: Season Three,And_b,Telltale Games,Telltale Games,,,,,,,,,,12/31/2020,,#VALUE!,,0,0,
Theatrhythm Final Fantasy: All-Star Festival,Arc_b,Square Enix,Square Enix,,,,,,,,,,12/31/2020,,#VALUE!,,0,0,
Theme Park,SCD_b,Unknown,Bullfrog Productions,,,,,,,,,,12/31/2020,,#VALUE!,,0,0,
They,PS3_b,Unknown,Metropolis Software,,,,,,,,,,12/31/2020,,#VALUE!,,0,0,
They,PC_b,Unknown,Metropolis Software,,,,,,,,,,12/31/2020,,#VALUE!,,0,0,
They,X360_b,Unknown,Metropolis Software,,,,,,,,,,12/31/2020,,#VALUE!,,0,0,
Tom Clancy's Rainbow Six Vegas 2 / Ghost Recon AW,WiiU_b,Ubisoft,Unknown,,,,,,,,,,12/31/2020,,#VALUE!,,0,0,
Ubusuna,PS4_b,M2 Studios,M2 Studios,,,,,,,,,,12/31/2020,,#VALUE!,,0,0,
Ultimate Band,PS2_b,Unknown,Disney Interactive Studios,,,,,,,,,,12/31/2020,,#VALUE!,,0,0,
Undercover Cops,SNES_b,Unknown,Irem Software Engineering,,,,,,,,,,12/31/2020,,#VALUE!,,0,0,
UnderTale,OSX_b,Rocket Science,Unknown,,,,,,,,,,12/31/2020,,#VALUE!,,0,0,
"Vampires,Zombies and Monsters Attack",Linux_b,Unknown,Unknown,,,,,,,,,,12/31/2020,,#VALUE!,,0,0,
"Vampires,Zombies and Monsters Attack",PC_b,Unknown,Unknown,,,,,,,,,,12/31/2020,,#VALUE!,,0,0,
"Vampires,Zombies and Monsters Attack",OSX_b,Unknown,Unknown,,,,,,,,,,12/31/2020,,#VALUE!,,0,0,
Vessel,X360_b,Namco Bandai Games,Unknown,,,,,,,,,,12/31/2020,,#VALUE!,,0,0,
War Thunder,PC_b,Gaijin Entertainment,Unknown,,,,,,,,,,12/31/2020,,#VALUE!,,0,0,
War Thunder,OSX_b,Gaijin Entertainment,Unknown,,,,,,,,,,12/31/2020,,#VALUE!,,0,0,
Warface,PC_b,Trion Worlds,Unknown,,,,,,,,,,12/31/2020,,#VALUE!,,0,0,
Warface,X360_b,Trion Worlds,Unknown,,,,,,,,,,12/31/2020,,#VALUE!,,0,0,
Warface,PS3_b,Trion Worlds,Unknown,,,,,,,,,,12/31/2020,,#VALUE!,,0,0,
Wasteland 2,Linux_b,inXile Entertainment,Unknown,,,,,,,,,,12/31/2020,,#VALUE!,,0,0,
Wasteland 2,OSX_b,inXile Entertainment,Unknown,,,,,,,,,,12/31/2020,,#VALUE!,,0,0,
Wattam,PS4_b,Annapurna Interactive,Funomena,,,,,,,,,,12/31/2020,,#VALUE!,,0,0,
Whore of the Orient,PS4_b,Warner Bros. Interactive Entertainment,Unknown,,,,,,,,,,12/31/2020,,#VALUE!,,0,0,
Whore of the Orient,XOne_b,Warner Bros. Interactive Entertainment,Unknown,,,,,,,,,,12/31/2020,,#VALUE!,,0,0,
Whore of the Orient,PC_b,Warner Bros. Interactive Entertainment,Unknown,,,,,,,,,,12/31/2020,,#VALUE!,,0,0,
Wicked Surfing,GB_b,Unknown,Cave Barn,,,,,,,,,,12/31/2020,,#VALUE!,,0,0,
WiLD,PS4_b,Sony Interactive Entertainment,Wild Sheep Studio,,,,,,,,,,12/31/2020,7/19/2018,#VALUE!,,0,0,
Wizardology,DS_b,Unknown,Double Six,,,,,,,,,,12/31/2020,,#VALUE!,,0,0,
Wizardology,Wii_b,Unknown,Double Six,,,,,,,,,,12/31/2020,,#VALUE!,,0,0,
Wondership Q,PS4_b,Cygames,Miracle Positive,,,,,,,,,,12/31/2020,7/5/2018,#VALUE!,,0,0,
Woolfe: The Red Hood Diaries,XOne_b,GriN Multimedia,GriN Multimedia,,,,,,,,,,12/31/2020,,#VALUE!,,0,0,
Woolfe: The Red Hood Diaries,PS4_b,GriN Multimedia,GriN Multimedia,,,,,,,,,,12/31/2020,,#VALUE!,,0,0,
Word Searcher 4,DSiW_b,Unknown,Digital Leisure Inc.,,,,,,,,,,12/31/2020,,#VALUE!,,0,0,
World Beach Volley: 1991 GB Cup,GB_b,Unknown,GRC,,,,,,,,,,12/31/2020,,#VALUE!,,0,0,
World Cup USA 94,GB_b,Unknown,Tiertex Design Studios,,,,,,,,,,12/31/2020,,#VALUE!,,0,0,
Xyanide Resurrection,PSP_b,Unknown,Playlogic,,,,,,,,,,12/31/2020,,#VALUE!,,0,0,
Zombie Playground,OSX_b,Massive Black Inc,Unknown,,,,,,,,,,12/31/2020,,#VALUE!,,0,0,
Zombie Playground,PC_b,Massive Black Inc,Unknown,,,,,,,,,,12/31/2020,,#VALUE!,,0,0,
Zombii Attack,WW_b,Unknown,"Gamers Digital, Inc.",,,,,,,,,,12/31/2020,,#VALUE!,,0,0,
Battle Chef Brigade,PS4_b,Trinket Studios,Trinket Studios,,,,,,,,,,12/31/2020,,#VALUE!,,0,0,
Chivalry 2,PC_b,Tripwire Interactive,Torn Banner Studios,,,,,,,,,,12/31/2020,6/10/2019,#VALUE!,,0,0,
Closers,PS4_b,En Masse Entertainment,Naddic Games,,,,,,,,,,12/31/2020,3/24/2019,#VALUE!,,0,0,
Diablo IV,PC_b,Blizzard Entertainment,Blizzard Entertainment,7.5,,,,,,,,,12/31/2020,11/2/2019,#VALUE!,,0,0,
Diablo IV,PS4_b,Blizzard Entertainment,Blizzard Entertainment,,,,,,,,,,12/31/2020,11/2/2019,#VALUE!,,0,0,
Diablo IV,XOne_b,Blizzard Entertainment,Blizzard Entertainment,,,,,,,,,,12/31/2020,11/2/2019,#VALUE!,,0,0,
Emily is Away <3,PC_b,Kyle Seeley,Kyle Seeley,,,,,,,,,,12/31/2020,4/16/2019,#VALUE!,,0,0,
FIFA 21,XS_b,Electronic Arts,EA Vancouver,,,,,,,,,,12/31/2020,6/19/2020,#VALUE!,,0,0,
FIFA 21,PS5_b,Electronic Arts,EA Vancouver,,,,,,,,,,12/31/2020,6/19/2020,#VALUE!,,0,0,
Five Nights at Freddy's: Security Breach,PS5_b,Scott Cawthon,Scott Cawthon,,,,,,,,,,12/31/2020,9/16/2020,#VALUE!,,0,0,
Guilty Gear -Strive-,PS4_b,Arc System Works,Arc System Works,,,,,,,,,,12/31/2020,11/24/2019,#VALUE!,,0,0,
La-Mulana 2,NS_b,Active Gaming Media,Nigoro,,,,,,,,,,12/31/2020,4/8/2019,#VALUE!,,0,0,
La-Mulana 2,PS4_b,Active Gaming Media,Nigoro,,,,,,,,,,12/31/2020,4/8/2019,#VALUE!,,0,0,
La-Mulana 2,XOne_b,Active Gaming Media,Nigoro,,,,,,,,,,12/31/2020,4/8/2019,#VALUE!,,0,0,
Microsoft Flight Simulator (2020),XS_b,Xbox Game Studios,Asobo Studio,,,,,,,,,,12/31/2020,8/13/2021,#VALUE!,,0,0,
Midnight Ghost Hunt,PC_b,Mellowsoft,Mellowsoft,,,,,,,,,,12/31/2020,6/10/2019,#VALUE!,,0,0,
Olympic Games Tokyo 2020 - The Official Video Game,NS_b,Sega,Sega,,,,,,,,,,12/31/2020,4/8/2019,#VALUE!,,0,0,
Olympic Games Tokyo 2020 - The Official Video Game,PS4_b,Sega,Sega,,,,,,,,,,12/31/2020,4/8/2019,#VALUE!,,0,0,
Olympic Games Tokyo 2020 - The Official Video Game,XOne_b,Sega,Sega,,,,,,,,,,12/31/2020,4/8/2019,#VALUE!,,0,0,
Olympic Games Tokyo 2020 - The Official Video Game,PC_b,Sega,Sega,,,,,,,,,,12/31/2020,4/8/2019,#VALUE!,,0,0,
Out of Reach: Treasure Royale,PC_b,PlayWay,Space Boat Studios,,,,,,,,,,12/31/2020,4/10/2019,#VALUE!,,0,0,
PokÃƒÂ©mon Unite,iOS_b,Unknown,TiMi Studios,,,,,,,,,,12/31/2020,6/24/2020,#VALUE!,,0,0,
PokÃƒÂ©mon Unite,And_b,Unknown,TiMi Studios,,,,,,,,,,12/31/2020,6/24/2020,#VALUE!,,0,0,
Psychonauts 2,PS4_b,Starbreeze Studios,Double Fine Productions,,,,,,,,,,12/31/2020,6/14/2021,#VALUE!,,0,0,
Psychonauts 2,XOne_b,Starbreeze Studios,Double Fine Productions,,,,,,,,,,12/31/2020,6/14/2021,#VALUE!,,0,0,
Psychonauts 2,PC_b,Starbreeze Studios,Double Fine Productions,,,,,,,,,,12/31/2020,6/14/2021,#VALUE!,,0,0,
Puyo Puyo Tetris 2,XS_b,Sega,Sega,,,,,,,,,,12/31/2020,8/27/2020,#VALUE!,,0,0,
Puyo Puyo Tetris 2,PS5_b,Sega,Sega,,,,,,,,,,12/31/2020,8/27/2020,#VALUE!,,0,0,
Rune Factory 4 Special,NS_b,Marvelous Entertainment,Xseed Games,,,,,,,,,,12/31/2020,2/13/2019,#VALUE!,,0,0,
Session: Skate Sim,XOne_b,Crea-ture Studios,Crea-ture Studios,,,,,,,,,,12/31/2020,7/3/2022,#VALUE!,,0,0,
Session: Skate Sim,PC_b,Crea-ture Studios,Crea-ture Studios,,,,,,,,,,12/31/2020,7/3/2022,#VALUE!,,0,0,
The Last Campfire,PC_b,Hello Games,Hello Games,,,,,,,,,,12/31/2020,12/6/2018,#VALUE!,,0,0,
Championship Manager Season 01/02,PC_b,Unknown,Sports Interactive,,,,0.50m,,,,,,12/31/2020,,#VALUE!,,0,0,
Imagine: Makeup Artist,DS_b,Ubisoft,Global A Entertainment,,,,,0.29m,0.27m,,,0.02m,12/31/2020,,0.29,,0.29,0.29,
Castle Story,PC_b,Zono Incorporated,Unknown,,,,0.28m,,,,,,12/31/2020,,#VALUE!,,0,0,
Tokyo Jungle,PS3_b,Sony Computer Entertainment,PlayStation C.A.M.P.!,7.5,,,,0.26m,,,0.26m,,12/31/2020,5/25/2018,0.26,,0.26,0.26,
Lovers in a Dangerous Spacetime,PC_b,Asteroid Base,Unknown,,,,0.22m,,,,,,12/31/2020,,#VALUE!,,0,0,
Distance,PC_b,Refract Studios,Unknown,,,,0.17m,,,,,,12/31/2020,,#VALUE!,,0,0,
Hamster Heroes,Wii_b,Unknown,Data Design Interactive,,,,,0.16m,0.16m,,,,12/31/2020,,0.16,,0.16,0.16,
Disgaea 4: A Promise Unforgotten,PSV_b,NIS America,Unknown,,,,,0.16m,0.03m,0.03m,0.08m,0.02m,12/31/2020,,0.16,,0.16,0.16,
Kidou Senkan Nadesico,SAT_b,Unknown,fupac,,,,,0.15m,,,0.15m,,12/31/2020,,0.15,,0.15,0.15,
Black * Rock Shooter: The Game,PSP_b,Unknown,imageepoch Inc.,6.1,,,,0.15m,,,0.15m,,12/31/2020,,0.15,,0.15,0.15,
Wasteland 2,PC_b,inXile Entertainment,Unknown,8.3,,,,0.13m,0.06m,0.06m,,0.01m,12/31/2020,,0.13,,0.13,0.13,
Ridge Racer 2,PSP_b,Unknown,Namco Bandai Games,,7.5,,,0.10m,,0.03m,0.07m,0.01m,12/31/2020,,0.10,,0.10,0.1,
Destroy All Humans! Path of the Furon,PS3_b,Unknown,Sandblast Games,,5,,,0.09m,,0.08m,,0.01m,12/31/2020,,0.09,,0.09,0.09,
Mahjong 3D: Warriors of the Emperor,3DS_b,Unknown,Engine Software,,,,,0.05m,,0.05m,,0.00m,12/31/2020,,0.05,,0.05,0.05,
Doodle Hex,DS_b,Unknown,Tragnarion Studios,,,,,0.03m,,0.03m,,0.00m,12/31/2020,,0.03,,0.03,0.03,
Playmobil Top Agents,DS_b,Unknown,Morgen Studios,,,,,0.03m,,0.03m,,0.00m,12/31/2020,,0.03,,0.03,0.03,
Ikki Tousen: Shining Dragon,PS2_b,Unknown,Marvelous,,,,,0.02m,,,0.02m,,12/31/2020,,0.02,,0.02,0.02,
Let It Die,PS4_b,GungHo,Grasshopper Manufacture,,,,,0.01m,,0.01m,0.01m,0.00m,12/31/2020,,0.01,,0.01,0.01,
Turbo Trainz,Wii_b,Unknown,Broken Switch Studios,,,,,0.01m,,0.01m,,0.00m,12/31/2020,,0.01,,0.01,0.01,
Fujiko F. Fujio Characters: Great Assembly! Slightly Fantastic Slapstick Party,3DS_b,Namco Bandai Games,Namco Bandai Games,,,,,0.01m,,,0.01m,,12/31/2020,4/9/2018,0.01,,0.01,0.01,
Fujiko F. Fujio Characters: Great Assembly! Slightly Fantastic Slapstick Party,WiiU_b,Namco Bandai Games,Namco Bandai Games,,,,,0.00m,,,0.00m,,12/31/2020,4/9/2018,0.00,,0.00,0,
Musiic Party: Rock the House,Wii_b,Unknown,Independent Arts Software,,,,,0.00m,,0.00m,,0.00m,12/31/2020,,0.00,,0.00,0,
Picture Puzzle Collection: The Dutch Masters,DS_b,Unknown,Most Wanted Entertainment,,,,,0.00m,,0.00m,,0.00m,12/31/2020,,0.00,,0.00,0,
Call of Atlantis,DS_b,Unknown,Foreign Media Games,,,,,0.00m,,0.00m,,0.00m,12/31/2020,,0.00,,0.00,0,
Crazy Taxi 3,PC_b,Unknown,Hitmaker,,,,,0.00m,,0.00m,,0.00m,12/31/2020,,0.00,,0.00,0,
2 Games in 1: Finding Nemo & The Incredibles,GBA_b,Unknown,Vicarious Visions / Helixe,,,,,,,,,,12/31/2020,,#VALUE!,,0,0,
A Boy and His Blob,DS_b,Unknown,Skyworks Technologies,,,,,,,,,,12/31/2020,,#VALUE!,,0,0,
Ace Attorney: Ryuunosuke Wright's Adventure,3DS_b,Capcom,Unknown,,,,,,,,,,12/31/2020,,#VALUE!,,0,0,
Ace Combat: Infinity,PS3_b,Namco Bandai Games,Unknown,,,,,,,,,,12/31/2020,,#VALUE!,,0,0,
Afterfall: InSanity,X360_b,TGC,Nicolas Intoxicate,,,,,,,,,,12/31/2020,,#VALUE!,,0,0,
Age of Decadence,PC_b,Iron Tower Studio,Unknown,,,,,,,,,,12/31/2020,,#VALUE!,,0,0,
Agent,PS3_b,Rockstar Games,Rockstar North,,,,,,,,,,12/31/2020,,#VALUE!,,0,0,
Amphibian Man,PS3_b,Unknown,KDV Games,,,,,,,,,,12/31/2020,,#VALUE!,,0,0,
AMY,PC_b,Lexis Numerique,VectorCell,,,,,,,,,,12/31/2020,,#VALUE!,,0,0,
Angry Birds,DSiW_b,Unknown,Chillingo,,,,,,,,,,12/31/2020,,#VALUE!,,0,0,
Angry Birds,WW_b,Unknown,Chillingo,,,,,,,,,,12/31/2020,,#VALUE!,,0,0,
Archeage,PC_b,Trion Worlds,Unknown,,,,,,,,,,12/31/2020,,#VALUE!,,0,0,
ATV Wild Ride,DS_b,Unknown,Renegade Kid,,,,,,,,,,12/31/2020,,#VALUE!,,0,0,
Audiosurf Air,PC_b,Invisible Handlebar,Unknown,,,,,,,,,,12/31/2020,,#VALUE!,,0,0,
Auditorium,XBL_b,Unknown,Cipher Prime,,,,,,,,,,12/31/2020,,#VALUE!,,0,0,
Bad Day,OSX_b,Unknown,Unknown,,,,,,,,,,12/31/2020,,#VALUE!,,0,0,
Beyond Good & Evil 2,PS3_b,Ubisoft,Ubisoft Montpellier,,,,,,,,,,12/31/2020,,#VALUE!,,0,0,
Beyond Good & Evil 2,X360_b,Ubisoft,Ubisoft Montpellier,,,,,,,,,,12/31/2020,,#VALUE!,,0,0,
Beyond Good & Evil 2,PC_b,Ubisoft,Ubisoft Montpellier,,,,,,,,,,12/31/2020,6/26/2019,#VALUE!,,0,0,
BioShock Vita,PSV_b,2K Games,Irrational Games,,,,,,,,,,12/31/2020,,#VALUE!,,0,0,
Black Gold,PC_b,Unknown,Unknown,,,,,,,,,,12/31/2020,,#VALUE!,,0,0,
Black Guards,PC_b,Unknown,Unknown,,,,,,,,,,12/31/2020,,#VALUE!,,0,0,
Blockscape,OSX_b,Sega Falcom,Unknown,,,,,,,,,,12/31/2020,,#VALUE!,,0,0,
Blockscape,Linux_b,Sega Falcom,Unknown,,,,,,,,,,12/31/2020,,#VALUE!,,0,0,
Blockscape,PC_b,Sega Falcom,Unknown,,,,,,,,,,12/31/2020,,#VALUE!,,0,0,
Bloktonik,WW_b,Unknown,Robotube Games,,,,,,,,,,12/31/2020,,#VALUE!,,0,0,
Blood Knights,PS3_b,Unknown,Unknown,,,,,,,,,,12/31/2020,,#VALUE!,,0,0,
Blood Knights,X360_b,Unknown,Unknown,,,,,,,,,,12/31/2020,,#VALUE!,,0,0,
Blood Knights,PC_b,Unknown,Unknown,,,,,,,,,,12/31/2020,,#VALUE!,,0,0,
Bloom,PC_b,Studio Fawn,Unknown,,,,,,,,,,12/31/2020,,#VALUE!,,0,0,
Bloom,OSX_b,Studio Fawn,Unknown,,,,,,,,,,12/31/2020,,#VALUE!,,0,0,
Blue Almanac,GEN_b,Unknown,Hot B,,,,,,,,,,12/31/2020,,#VALUE!,,0,0,
Brett Hull Hockey,GEN_b,Unknown,Radical Entertainment,,,,,,,,,,12/31/2020,,#VALUE!,,0,0,
Brick-Force,PC_b,Monolith,Unknown,,,,,,,,,,12/31/2020,,#VALUE!,,0,0,
Brick-Force,OSX_b,Monolith,Unknown,,,,,,,,,,12/31/2020,,#VALUE!,,0,0,
Brick-Force,And_b,Monolith,Unknown,,,,,,,,,,12/31/2020,,#VALUE!,,0,0,
Call For Heroes: Pompolic Wars,Wii_b,Unknown,Quotix Software,,,,,,,,,,12/31/2020,,#VALUE!,,0,0,
Camelot Unchained,PC_b,City State Entertainment,Unknown,,,,,,,,,,12/31/2020,,#VALUE!,,0,0,
Castle Story,OSX_b,Zono Incorporated,Unknown,,,,,,,,,,12/31/2020,,#VALUE!,,0,0,
Castle Story,Linux_b,Zono Incorporated,Unknown,,,,,,,,,,12/31/2020,,#VALUE!,,0,0,
Caveman Rock,DS_b,Unknown,Cyber Planet Interactive,,,,,,,,,,12/31/2020,,#VALUE!,,0,0,
Checkmate,GB_b,Unknown,Altron,,,,,,,,,,12/31/2020,,#VALUE!,,0,0,
Chevalier Saga Tactics,PSN_b,Unknown,imageepoch Inc.,,,,,,,,,,12/31/2020,,#VALUE!,,0,0,
Chronoblade,Ouya_b,nWay,Unknown,,,,,,,,,,12/31/2020,,#VALUE!,,0,0,
CLANG,PC_b,Capcom Entertainment,Unknown,,,,,,,,,,12/31/2020,,#VALUE!,,0,0,
CLANG,OSX_b,Capcom Entertainment,Unknown,,,,,,,,,,12/31/2020,,#VALUE!,,0,0,
CoinRPG,PC_b,Independent Arts Software GmbH,Unknown,,,,,,,,,,12/31/2020,,#VALUE!,,0,0,
CoinRPG,OSX_b,Independent Arts Software GmbH,Unknown,,,,,,,,,,12/31/2020,,#VALUE!,,0,0,
CoinRPG,Linux_b,Independent Arts Software GmbH,Unknown,,,,,,,,,,12/31/2020,,#VALUE!,,0,0,
Command & Conquer: Generals 2,PC_b,Electronic Arts,BioWare Victory,,,,,,,,,,12/31/2020,,#VALUE!,,0,0,
Cross of the Dutchman,PC_b,Triangle Studios,Triangle Studios,,,,,,,,,,12/31/2020,,#VALUE!,,0,0,
Darius Burst,PSP_b,Unknown,Pyramid,,,,,,,,,,12/31/2020,,#VALUE!,,0,0,
Dawngate,PC_b,Electronic Arts,Unknown,,,,,,,,,,12/31/2020,,#VALUE!,,0,0,
De-formers,XOne_b,GameTrust,Ready at Dawn,,,,,,,,,,12/31/2020,,#VALUE!,,0,0,
De-formers,PS4_b,GameTrust,Ready at Dawn,,,,,,,,,,12/31/2020,,#VALUE!,,0,0,
De-formers,PC_b,GameTrust,Ready at Dawn,,,,,,,,,,12/31/2020,,#VALUE!,,0,0,
Dead Nation,PSV_b,Sony Computer Entertainment,Unknown,,,,,,,,,,12/31/2020,,#VALUE!,,0,0,
Deep Black,PS3_b,505 Games,BiArt Studios,,,,,,,,,,12/31/2020,,#VALUE!,,0,0,
Deep Black,X360_b,505 Games,BiArt Studios,,,,,,,,,,12/31/2020,,#VALUE!,,0,0,
deep down (Working Title),PS4_b,Capcom,Unknown,,,,,,,,,,12/31/2020,,#VALUE!,,0,0,
Deep Loot,And_b,Monster and Monster,Unknown,,,,,,,,,,12/31/2020,,#VALUE!,,0,0,
Deer Hunter Tournament,X360_b,Unknown,South Logic Studios,,,,,,,,,,12/31/2020,,#VALUE!,,0,0,
Devil's Third,PS3_b,Unknown,Valhalla Game Studios,,,,,,,,,,12/31/2020,,#VALUE!,,0,0,
Devil's Third,X360_b,Unknown,Valhalla Game Studios,,,,,,,,,,12/31/2020,,#VALUE!,,0,0,
Disney Magical World 2: My Happy Life,3DS_b,Namco Bandai Games,Namco Bandai Games,,,,,,,,,,12/31/2020,,#VALUE!,,0,0,
Distance,Linux_b,Refract Studios,Unknown,,,,,,,,,,12/31/2020,,#VALUE!,,0,0,
Distance,OSX_b,Refract Studios,Unknown,,,,,,,,,,12/31/2020,,#VALUE!,,0,0,
Divekick,XOne_b,Namco Networks America Inc.,Namco Networks America Inc.,,,,,,,,,,12/31/2020,,#VALUE!,,0,0,
Dragons & Titans,OSX_b,"Thunderstorm Entertainment Inc.,",Unknown,,,,,,,,,,12/31/2020,,#VALUE!,,0,0,
Dragons & Titans,PC_b,"Thunderstorm Entertainment Inc.,",Unknown,,,,,,,,,,12/31/2020,,#VALUE!,,0,0,
Drifter: A Space Trading Game,PS4_b,Celsius Game Studios,Celsius Game Studios,,,,,,,,,,12/31/2020,,#VALUE!,,0,0,
Drifter: A Space Trading Game,PSV_b,Celsius Game Studios,Celsius Game Studios,,,,,,,,,,12/31/2020,,#VALUE!,,0,0,
El Chavo Kart,PSV_b,Slang,Unknown,,,,,,,,,,12/31/2020,,#VALUE!,,0,0,
EndWar Online,PCFX_b,Ubisoft Shanghai,Unknown,,,,,,,,,,12/31/2020,,#VALUE!,,0,0,
EndWar Online,OSX_b,Ubisoft,Unknown,,,,,,,,,,12/31/2020,,#VALUE!,,0,0,
EndWar Online,PC_b,Ubisoft,Unknown,,,,,,,,,,12/31/2020,,#VALUE!,,0,0,
ESPN NBA Hangtime '95,SNES_b,Unknown,Sony Imagesoft,,,,,,,,,,12/31/2020,,#VALUE!,,0,0,
Evil Twin: Cyprien's Chronicles,PS2_b,Unknown,In Utero,,,,,,,,,,12/31/2020,,#VALUE!,,0,0,
Evil Twin: Cyprien's Chronicles,DC_b,Unknown,In Utero,,,,,,,,,,12/31/2020,,#VALUE!,,0,0,
FighterÃ¢â‚¬â„¢s History Dynamite,VC_b,Unknown,Data East,,,,,,,,,,12/31/2020,,#VALUE!,,0,0,
Keio Flying Squadron 2,SAT_b,Victor Interactive,Victor Interactive Software,,,,,,,,,,1/1/2021,,#VALUE!,,0,0,
Metal Slug Tactics,PC_b,DotEmu,Leikir Studio,,,,,,,,,,1/1/2021,6/12/2021,#VALUE!,,0,0,
Cobra Kai: The Karate Kid Saga Continues,PC_b,GameMill Entertainment,GameMill Entertainment,,,,,,,,,,1/5/2021,1/31/2021,#VALUE!,,0,0,
Atelier Ryza 2: Lost Legends & the Secret Fairy,NS_b,Koei Tecmo,Gust,,,,,,,,,,1/26/2021,12/9/2020,#VALUE!,,0,0,
Atelier Ryza 2: Lost Legends & the Secret Fairy,All_b,Koei Tecmo,Gust,,,,0.36m,,,,,,1/26/2021,12/9/2020,#VALUE!,,0,0,
The Pedestrian,PS4_b,Skookum Arts,Skookum Arts,,,,,,,,,,1/31/2021,8/13/2020,#VALUE!,,0,0,
Valheim,PC_b,Coffee Stain Publishing,Iron Gate AB,,,,10.00m,,,,,,2/2/2021,2/11/2021,#VALUE!,,0,0,
Outriders,PC_b,Square Enix,People Can Fly,,,,,,,,,,2/2/2021,6/20/2019,#VALUE!,,0,0,
Outriders,PS4_b,Square Enix,People Can Fly,,,,,,,,,,2/2/2021,6/20/2019,#VALUE!,,0,0,
Outriders,XOne_b,Square Enix,People Can Fly,,,,,,,,,,2/2/2021,6/20/2019,#VALUE!,,0,0,
Outriders,XS_b,Square Enix,People Can Fly,,,,,,,,,,2/2/2021,2/13/2020,#VALUE!,,0,0,
Outriders,PS5_b,Square Enix,People Can Fly,,,,,,,,,,2/2/2021,2/13/2020,#VALUE!,,0,0,
Blue Fire,NS_b,Graffiti,Robi Studios,6.5,,,,,,,,,2/4/2021,8/4/2020,#VALUE!,,0,0,
Little Nightmares 2,All_b,Bandai Namco Entertainment,Tarsier Studios,,,,1.00m,,,,,,2/11/2021,3/12/2021,#VALUE!,,0,0,
Little Nightmares 2,XOne_b,Bandai Namco Entertainment,Tarsier Studios,,,,,,,,,,2/11/2021,10/29/2019,#VALUE!,,0,0,
Little Nightmares 2,PS4_b,Bandai Namco Entertainment,Tarsier Studios,,,,,,,,,,2/11/2021,10/29/2019,#VALUE!,,0,0,
Little Nightmares 2,PC_b,Bandai Namco Entertainment,Tarsier Studios,,,,,,,,,,2/11/2021,10/29/2019,#VALUE!,,0,0,
Little Nightmares 2,NS_b,Bandai Namco Entertainment,Tarsier Studios,6.5,,,,,,,,,2/11/2021,10/29/2019,#VALUE!,,0,0,
Super Mario 3D World + Bowser's Fury,NS_b,Nintendo,Nintendo,,,,11.38m,,,,,,2/12/2021,9/3/2020,#VALUE!,,0,0,
Gal*Gun Returns,NS_b,PQube,Inti Creates,4.5,,,,,,,,,2/12/2021,1/28/2021,#VALUE!,,0,0,
Fallen Legion Revenants,NS_b,NIS America,YummyYummyTummy,,,,,,,,,,2/16/2021,6/7/2021,#VALUE!,,0,0,
Capcom Arcade Stadium,All_b,Capcom,Capcom,,,,1.30m,,,,,,2/17/2021,6/6/2023,#VALUE!,,0,0,
Capcom Arcade Stadium,NS_b,Capcom,Capcom,,,,,,,,,,2/17/2021,2/17/2021,#VALUE!,,0,0,
Far Cry 6,XS_b,Ubisoft,Ubisoft Toronto,,,,,,,,,,2/18/2021,8/21/2020,#VALUE!,,0,0,
Far Cry 6,XOne_b,Ubisoft,Ubisoft Toronto,,,,,,,,,,2/18/2021,8/21/2020,#VALUE!,,0,0,
Far Cry 6,PS5_b,Ubisoft,Ubisoft Toronto,,,,,,,,,,2/18/2021,8/21/2020,#VALUE!,,0,0,
Far Cry 6,PS4_b,Ubisoft,Ubisoft Toronto,,,,,,,,,,2/18/2021,8/21/2020,#VALUE!,,0,0,
Far Cry 6,PC_b,Ubisoft,Ubisoft Toronto,,,,,,,,,,2/18/2021,8/21/2020,#VALUE!,,0,0,
Persona 5 Strikers,All_b,Sega,Omega Force,,,,1.50m,,,,,,2/23/2021,12/7/2020,#VALUE!,,0,0,
Persona 5 Strikers,PS4_b,Atlus,Omega Force,8,,,,,,,,,2/23/2021,12/4/2020,#VALUE!,,0,0,
Persona 5 Strikers,NS_b,Atlus,Omega Force,,,,,,,,,,2/23/2021,12/4/2020,#VALUE!,,0,0,
Ghosts 'n Goblins Resurrection,NS_b,Capcom,Capcom,9,,,,,,,,,2/25/2021,2/26/2021,#VALUE!,,0,0,
Littlewood,NS_b,SmashGames,Sean Young,,,,,,,,,,2/25/2021,1/13/2021,#VALUE!,,0,0,
Wrath: Aeon of Ruin,XOne_b,3D Realms,KillPixel,,,,,,,,,,2/25/2021,8/24/2020,#VALUE!,,0,0,
Wrath: Aeon of Ruin,PS4_b,3D Realms,KillPixel,,,,,,,,,,2/25/2021,8/24/2020,#VALUE!,,0,0,
Wrath: Aeon of Ruin,PC_b,3D Realms,KillPixel,,,,,,,,,,2/25/2021,8/24/2020,#VALUE!,,0,0,
Wrath: Aeon of Ruin,NS_b,3D Realms,KillPixel,,,,,,,,,,2/25/2021,8/24/2020,#VALUE!,,0,0,
Bravely Default II,All_b,Square Enix,Silicon Studio,,,,1.00m,,,,,,2/26/2021,12/22/2021,#VALUE!,,0,0,
Bravely Default II,NS_b,Nintendo,Silicon Studio,7.5,,,0.95m,,,,,,2/26/2021,12/17/2019,#VALUE!,,0,0,
Nth^0: Infinity Reborn,XS_b,KITATUS,KITATUS STUDIOS,,,,,,,,,,2/28/2021,8/24/2020,#VALUE!,,0,0,
Nth^0: Infinity Reborn,PS5_b,KITATUS,KITATUS STUDIOS,,,,,,,,,,2/28/2021,8/24/2020,#VALUE!,,0,0,
Nth^0: Infinity Reborn,PC_b,KITATUS,KITATUS STUDIOS,,,,,,,,,,2/28/2021,8/24/2020,#VALUE!,,0,0,
Gnosia,NS_b,Playism,Petit Depotto,,,,,,,,,,3/4/2021,3/7/2021,#VALUE!,,0,0,
Crash Bandicoot 4: It's About Time,NS_b,Activision,Toys for Bob,,,,,,,,,,3/12/2021,11/6/2021,#VALUE!,,0,0,
Stubbs the Zombie in Rebel Without a Pulse,NS_b,Aspyr,Aspyr Media,,,,,,,,,,3/16/2021,11/8/2021,#VALUE!,,0,0,
Stubbs the Zombie in Rebel Without a Pulse,PS4_b,Aspyr,Aspyr Media,,,,,,,,,,3/16/2021,11/8/2021,#VALUE!,,0,0,
Stubbs the Zombie in Rebel Without a Pulse,PS5_b,Aspyr,Aspyr Media,,,,,,,,,,3/16/2021,11/8/2021,#VALUE!,,0,0,
Plants vs Zombies: Battle for Neighborville,NS_b,Electronic Arts,PopCap Games,,,,,,,,,,3/17/2021,2/18/2021,#VALUE!,,0,0,
Tales from the Borderlands,NS_b,2K Games,2K Games,,,,,,,,,,3/24/2021,2/17/2021,#VALUE!,,0,0,
Monster Hunter Rise,All_b,Capcom,Capcom,,,,13.20m,,,,,,3/26/2021,1/18/2022,#VALUE!,,0,0,
It Takes Two,All_b,Electronic Arts,Hazelight,,,,10.00m,,,,,,3/26/2021,4/23/2021,#VALUE!,,0,0,
Monster Hunter Rise,NS_b,Capcom,Capcom,7,,,7.70m,,,,,,3/26/2021,8/25/2022,#VALUE!,,0,0,
Story of Seasons: Pioneers of Olive Town,NS_b,Marvelous,Marvelous,6.5,,,1.00m,,,,,,3/26/2021,2/10/2021,#VALUE!,,0,0,
Disco Elysium,PS4_b,ZA/UM,ZA/UM,,,,,,,,,,3/31/2021,5/31/2020,#VALUE!,,0,0,
King's Bounty II,XOne_b,Deep Silver,1C Entertainment,,,,,,,,,,4/1/2021,8/28/2020,#VALUE!,,0,0,
King's Bounty II,PS4_b,Deep Silver,1C Entertainment,,,,,,,,,,4/1/2021,8/28/2020,#VALUE!,,0,0,
King's Bounty II,NS_b,Deep Silver,1C Entertainment,,,,,,,,,,4/1/2021,8/28/2020,#VALUE!,,0,0,
King's Bounty II,PC_b,Deep Silver,1C Entertainment,,,,,,,,,,4/1/2021,8/28/2020,#VALUE!,,0,0,
Stick Fight: The Game,NS_b,Landfall Games,Landfall,,,,,,,,,,4/1/2021,11/8/2021,#VALUE!,,0,0,
Star Wars: Republic Commando,NS_b,Aspyr,Aspyr,,,,,,,,,,4/6/2021,4/6/2021,#VALUE!,,0,0,
The House in Fata Morgana: Dreams of the Revenants Edition,NS_b,Limited Run Games,Novectacle,,,,,,,,,,4/9/2021,1/10/2020,#VALUE!,,0,0,
The Legend of Heroes: Trails of Cold Steel IV,NS_b,NIS America,Nihon Falcom Corporation,,,,,,,,,,4/9/2021,6/8/2021,#VALUE!,,0,0,
Fez,NS_b,Polytron Corporation,Polytron Corporation,,,,,,,,,,4/14/2021,5/24/2022,#VALUE!,,0,0,
Winning Post 9 2021,All_b,Koei Tecmo,Koei Tecmo Games,,,,0.08m,,,,,,4/15/2021,7/27/2021,#VALUE!,,0,0,
MLB The Show 21,All_b,Sony Interactive Entertainment,SIE San Diego Studio,,,,2.00m,,,,,,4/20/2021,7/28/2021,#VALUE!,,0,0,
Picross S6,NS_b,Jupiter Corporation,Jupiter Corporation,,,,,,,,,,4/22/2021,11/10/2021,#VALUE!,,0,0,
Shantae,NS_b,WayForward,WayForward,,,,,,,,,,4/22/2021,9/2/2020,#VALUE!,,0,0,
NieR Replicant ver.1.22474487139...,PC_b,Square Enix,Toylogic,,,,,,,,,,4/23/2021,3/4/2021,#VALUE!,,0,0,
NieR Replicant ver.1.22474487139...,PS4_b,Square Enix,Toylogic,6,,,,,,,,,4/23/2021,3/4/2021,#VALUE!,,0,0,
NieR Replicant ver.1.22474487139...,XOne_b,Square Enix,Toylogic,,,,,,,,,,4/23/2021,3/4/2021,#VALUE!,,0,0,
New PokÃƒÂ©mon Snap,NS_b,Nintendo,Bandai Namco Studios,,,,2.40m,,,,,,4/30/2021,6/17/2020,#VALUE!,,0,0,
Returnal,PS5_b,Sony Interactive Entertainment,Housemarque,6.5,,,0.56m,,,,,,4/30/2021,6/12/2020,#VALUE!,,0,0,
Curse of the Sea Rats,XOne_b,Petoons Studio,Petoons Studio,,,,,,,,,,5/1/2021,8/17/2019,#VALUE!,,0,0,
Curse of the Sea Rats,PS4_b,Petoons Studio,Petoons Studio,,,,,,,,,,5/1/2021,8/17/2019,#VALUE!,,0,0,
Curse of the Sea Rats,PC_b,Petoons Studio,Petoons Studio,,,,,,,,,,5/1/2021,8/17/2019,#VALUE!,,0,0,
Curse of the Sea Rats,NS_b,Petoons Studio,Petoons Studio,,,,,,,,,,5/1/2021,8/17/2019,#VALUE!,,0,0,
Resident Evil 8: Village,All_b,Capcom,Capcom,,,,8.30m,,,,,,5/7/2021,5/11/2021,#VALUE!,,0,0,
Resident Evil 8: Village,PS5_b,Capcom,Capcom,,,,,,,,,,5/7/2021,6/12/2020,#VALUE!,,0,0,
Resident Evil 8: Village,PS4_b,Capcom,Capcom,8.5,,,,,,,,,5/7/2021,4/9/2021,#VALUE!,,0,0,
Rise Eterna,PS4_b,Forever Entertainment S.A.,Forever Entertainment S.A.,,,,,,,,,,5/13/2021,4/16/2023,#VALUE!,,0,0,
Days Gone,PC_b,PlayStation PC,SIE Bend Studio,,,,0.85m,,,,,,5/18/2021,1/6/2022,#VALUE!,,0,0,
Layers of Fear 2,NS_b,Bloober Team,Bloober Team,,,,,,,,,,5/20/2021,8/9/2023,#VALUE!,,0,0,
Uncharted Waters IV HD Version,All_b,Koei Tecmo,Koei Tecmo Games,,,,0.07m,,,,,,5/20/2021,7/27/2021,#VALUE!,,0,0,
Angelique Luminarise,NS_b,Koei Tecmo,Ruby Party,,,,0.03m,,,,,,5/20/2021,7/27/2021,#VALUE!,,0,0,
Miitopia,NS_b,Nintendo,Nintendo,,,,1.79m,,,,,,5/21/2021,2/18/2021,#VALUE!,,0,0,
Shin Megami Tensei III: Nocturne HD Remaster,All_b,Sega,Atlus,,,,0.60m,,,,,,5/21/2021,4/28/2021,#VALUE!,,0,0,
Knockout City,NS_b,EA Originals,Velan Studios,,,,,,,,,,5/21/2021,2/17/2021,#VALUE!,,0,0,
Biomutant,All_b,THQ Nordic,Experiment 101,,,,1.00m,,,,,,5/25/2021,8/18/2021,#VALUE!,,0,0,
Shin Megami Tensei III: Nocturne HD Remaster,NS_b,Atlus,Atlus,,,,,,,,,,5/25/2021,7/21/2020,#VALUE!,,0,0,
Shin Megami Tensei III: Nocturne HD Remaster,PS4_b,Atlus,Atlus,,,,,,,,,,5/25/2021,7/21/2020,#VALUE!,,0,0,
Shin Megami Tensei III: Nocturne HD Remaster,PC_b,Sega,Atlus,,,,,,,,,,5/25/2021,4/28/2021,#VALUE!,,0,0,
Puyo Puyo Tetris 2,PC_b,Sega,Sega,,,,,,,,,,6/1/2021,8/27/2020,#VALUE!,,0,0,
Going Medieval,PC_b,The Irregular Corporation,Foxy Voxel,,,,0.18m,,,,,,6/1/2021,6/10/2021,#VALUE!,,0,0,
DC Super Hero Girls: Teen Power,NS_b,Warner Bros. Interactive Entertainment,DC Studios,,,,,,,,,,6/4/2021,2/18/2021,#VALUE!,,0,0,
Chivalry 2,All_b,Tripwire Interactive,Torn Banner Studios,,,,1.00m,,,,,,6/8/2021,8/17/2021,#VALUE!,,0,0,
Final Fantasy VII Remake Intergrade,PS5_b,Square Enix,Square Enix,8,,,,,,,,,6/10/2021,5/20/2021,#VALUE!,,0,0,
Ninja Gaiden: Master Collection,All_b,Koei Tecmo,Team Ninja,,,,0.24m,,,,,,6/10/2021,7/27/2021,#VALUE!,,0,0,
Game Builder Garage,NS_b,Nintendo,Nintendo,,,,1.15m,,,,,,6/11/2021,8/1/2021,#VALUE!,,0,0,
Ratchet & Clank: Rift Apart,PS5_b,Sony Interactive Entertainment,Insomniac Games,,,,1.10m,,,,,,6/11/2021,6/11/2020,#VALUE!,,0,0,
Guilty Gear -Strive-,All_b,Arc System Works,Arc System Works,,,,1.00m,,,,,,6/11/2021,6/15/2021,#VALUE!,,0,0,
Ender Lilies: Quietus of the Knights,NS_b,Binary Haze Interactive,Live Wire,8,,,,,,,,,6/21/2021,7/5/2021,#VALUE!,,0,0,
Ender Lilies: Quietus of the Knights,All_b,Binary Haze Interactive,Live Wire,,,,1.00m,,,,,,6/22/2021,3/7/2022,#VALUE!,,0,0,
Alex Kidd in Miracle World DX,PC_b,Merge Games,Merge Games,6.5,,,,,,,,,6/22/2021,5/20/2021,#VALUE!,,0,0,
Legend of Mana,NS_b,Square Enix,Square Enix,,,,,,,,,,6/24/2021,2/17/2021,#VALUE!,,0,0,
Mario Golf: Super Rush,NS_b,Nintendo,Camelot Software Planning,5,,,2.48m,,,,,,6/25/2021,2/17/2021,#VALUE!,,0,0,
Scarlet Nexus,All_b,Bandai Namco Entertainment,Bandai Namco Games,,,,1.00m,,,,,,6/25/2021,4/14/2022,#VALUE!,,0,0,
Scarlet Nexus,XS_b,Bandai Namco Entertainment,Bandai Namco Studios,,,,,,,,,,6/25/2021,5/7/2020,#VALUE!,,0,0,
Scarlet Nexus,XOne_b,Bandai Namco Entertainment,Bandai Namco Games,,,,,,,,,,6/25/2021,5/7/2020,#VALUE!,,0,0,
Scarlet Nexus,PS5_b,Bandai Namco Entertainment,Bandai Namco Games,,,,,,,,,,6/25/2021,6/16/2020,#VALUE!,,0,0,
Scarlet Nexus,PS4_b,Bandai Namco Entertainment,Bandai Namco Games,,,,,,,,,,6/25/2021,6/16/2020,#VALUE!,,0,0,
Scarlet Nexus,PC_b,Bandai Namco Entertainment,Bandai Namco Games,7,,,,,,,,,6/25/2021,6/16/2020,#VALUE!,,0,0,
Doki Doki Literature Club Plus!,PS4_b,Serenity Forge,Team Salvato,,,,,,,,,,6/30/2021,11/12/2022,#VALUE!,,0,0,
Doki Doki Literature Club Plus!,NS_b,Serenity Forge,Team Salvato,,,,,,,,,,6/30/2021,6/13/2021,#VALUE!,,0,0,
Doki Doki Literature Club Plus!,All_b,Serenity Forge,Team Salvato,,,,0.50m,,,,,,6/30/2021,7/20/2021,#VALUE!,,0,0,
Deathloop,PS5_b,Bethesda Softworks,Arkane Studios,,,,,,,,,,7/1/2021,6/13/2020,#VALUE!,,0,0,
Disgaea 6: Defiance of Destiny,NS_b,NIS America,Nippon Ichi Software,,,,,,,,,,7/1/2021,9/17/2020,#VALUE!,,0,0,
Ys IX: Monstrum Nox,NS_b,NIS America,Nihon Falcom Corporation,,,,,,,,,,7/6/2021,7/30/2021,#VALUE!,,0,0,
Boomerang X,NS_b,Devolver Digital,DANG!,,,,,,,,,,7/8/2021,6/19/2021,#VALUE!,,0,0,
Monster Hunter Stories 2: Wings of Ruin,All_b,Capcom,Capcom,,,,1.80m,,,,,,7/9/2021,7/20/2021,#VALUE!,,0,0,
Monster Hunter Stories 2: Wings of Ruin,NS_b,Capcom,Capcom,7.5,,,,,,,,,7/9/2021,9/17/2020,#VALUE!,,0,0,
Monster Hunter Stories 2: Wings of Ruin,PC_b,Capcom,Capcom,,,,,,,,,,7/9/2021,7/20/2021,#VALUE!,,0,0,
The Legend of Zelda: Skyward Sword HD,NS_b,Nintendo,Nintendo,,,6,4.15m,,,,,,7/16/2021,2/18/2021,#VALUE!,,0,0,
Akiba's Trip: Hellbound & Debriefed,All_b,Xseed Games,Acquire,,,,,,,,,,7/20/2021,2/3/2021,#VALUE!,,0,0,
PokÃƒÂ©mon Unite,NS_b,The PokÃƒÂ©mon Company,TiMi Studios,,,,,,,,,,7/21/2021,6/24/2020,#VALUE!,,0,0,
Neo: The World Ends with You,PS4_b,Square Enix,h.a.n.d. Inc.,,,,,,,,,,7/27/2021,8/3/2021,#VALUE!,,0,0,
Neo: The World Ends with You,NS_b,Square Enix,h.a.n.d. Inc.,,,,,,,,,,7/27/2021,8/3/2021,#VALUE!,,0,0,
The Great Ace Attorney Chronicles,All_b,Capcom,Capcom,,,,0.50m,,,,,,7/27/2021,4/15/2022,#VALUE!,,0,0,
Samurai Warriors 5,All_b,Koei Tecmo,Omega Force,,,,0.41m,,,,,,7/27/2021,7/27/2021,#VALUE!,,0,0,
Final Fantasy Pixel Remaster,Series_b,Square Enix,Square Enix,,,,3.00m,,,,,,7/28/2021,5/2/2023,#VALUE!,,0,0,
G.I. Joe: Operation Blackout (Gold Edition),PS4_b,GameMill Entertainment,Fair Play Labs,,,,,,,,,,7/31/2021,12/21/2021,#VALUE!,,0,0,
G.I. Joe: Operation Blackout (Gold Edition),XOne_b,GameMill Entertainment,Fair Play Labs,,,,,,,,,,7/31/2021,12/21/2021,#VALUE!,,0,0,
G.I. Joe: Operation Blackout (Gold Edition),NS_b,GameMill Entertainment,Fair Play Labs,,,,,,,,,,7/31/2021,12/21/2021,#VALUE!,,0,0,
Axiom Verge 2,NS_b,Thomas Happ Games,Thomas Happ Games,,,,,,,,,,8/11/2021,12/10/2019,#VALUE!,,0,0,
Boyfriend Dungeon,NS_b,Kitfox Games,Kitfox Games,,,,,,,,,,8/11/2021,12/16/2019,#VALUE!,,0,0,
Islanders: Console Edition,NS_b,Coatsink Software,GrizzlyGames,,,,,,,,,,8/11/2021,11/8/2021,#VALUE!,,0,0,
Hades,PS4_b,Supergiant Games,Supergiant Games,,,,,,,,,,8/13/2021,6/15/2021,#VALUE!,,0,0,
Quake,NS_b,Bethesda Softworks,id Software,,,,,,,,,,8/19/2021,8/26/2021,#VALUE!,,0,0,
Ghost of Tsushima Director's Cut,PS5_b,Sony Interactive Entertainment,Sucker Punch Productions,7,,,,,,,,,8/20/2021,7/23/2021,#VALUE!,,0,0,
Ghost of Tsushima Director's Cut,PS4_b,Sony Interactive Entertainment,Sucker Punch Productions,,,,,,,,,,8/20/2021,7/23/2021,#VALUE!,,0,0,
Madden NFL 22,All_b,EA Sports,EA Tiburon,,,,,,,,,,8/20/2021,9/21/2021,#VALUE!,,0,0,
New World,PC_b,Amazon Game Studios,Amazon Game Studios,,,,,,,,,,8/25/2021,12/16/2019,#VALUE!,,0,0,
Psychonauts 2,XS_b,Xbox Game Studios,Double Fine Productions,,,,,,,,,,8/25/2021,1/16/2022,#VALUE!,,0,0,
Islanders: Console Edition,XOne_b,Coatsink Software,GrizzlyGames,,,,,,,,,,8/26/2021,11/8/2021,#VALUE!,,0,0,
Islanders: Console Edition,PS4_b,Coatsink Software,GrizzlyGames,,,,,,,,,,8/26/2021,11/8/2021,#VALUE!,,0,0,
Islanders: Console Edition,XS_b,Coatsink Software,GrizzlyGames,,,,,,,,,,8/26/2021,11/8/2021,#VALUE!,,0,0,
Islanders: Console Edition,PS5_b,Coatsink Software,GrizzlyGames,,,,,,,,,,8/26/2021,11/8/2021,#VALUE!,,0,0,
No More Heroes III,NS_b,Marvelous,Grasshopper Manufacture,,,,,,,,,,8/27/2021,10/30/2019,#VALUE!,,0,0,
Big Rumble Creed Champions Boxing,NS_b,Unknown,Survios,,,,,,,,,,9/3/2021,6/12/2021,#VALUE!,,0,0,
The Medium,PS5_b,Bloober Team S.A.,Bloober Team,,,,,,,,,,9/3/2021,6/16/2021,#VALUE!,,0,0,
Sonic Colors Ultimate,NS_b,Sega,Sonic Team,,,,,,,,,,9/7/2021,6/15/2021,#VALUE!,,0,0,
NBA 2K22,All_b,2K Sports,Visual Concepts,,,,10.00m,,,,,,9/10/2021,9/21/2021,#VALUE!,,0,0,
Tales of Arise,All_b,Bandai Namco Entertainment,Bandai Namco Games,,,,2.00m,,,,,,9/10/2021,9/16/2021,#VALUE!,,0,0,
WarioWare: Get It Together!,NS_b,Nintendo,Nintendo,,,,1.34m,,,,,,9/10/2021,6/16/2021,#VALUE!,,0,0,
Lost in Random,NS_b,Electronic Arts,Zoink Games,,,,,,,,,,9/10/2021,6/19/2020,#VALUE!,,0,0,
Lost in Random,PS4_b,Electronic Arts,Zoink Games,,,,,,,,,,9/10/2021,6/19/2020,#VALUE!,,0,0,
Lost in Random,PC_b,Electronic Arts,Zoink Games,,,,,,,,,,9/10/2021,6/19/2020,#VALUE!,,0,0,
Tales of Arise,XS_b,Bandai Namco,Bandai Namco Studios,,,,,,,,,,9/10/2021,6/10/2021,#VALUE!,,0,0,
Tales of Arise,PS5_b,Bandai Namco,Bandai Namco Studios,8.5,,,,,,,,,9/10/2021,6/10/2021,#VALUE!,,0,0,
Cruis'n Blast,NS_b,Nintendo,Nintendo,,,,,,,,,,9/14/2021,11/6/2021,#VALUE!,,0,0,
Deathloop,PC_b,Bethesda Softworks,Arkane Studios,7,,,,,,,,,9/14/2021,6/9/2019,#VALUE!,,0,0,
Story of Seasons: Pioneers of Olive Town,All_b,Xseed Games,Marvelous,,,,1.00m,,,,,,9/15/2021,10/5/2021,#VALUE!,,0,0,
Nexomon,NS_b,PQube,"LIME TURTLE, INC.",,,,,,,,,,9/17/2021,11/7/2021,#VALUE!,,0,0,
Kena: Bridge of Spirits,PS4_b,Ember Lab,Ember Lab,,,,,,,,,,9/21/2021,2/10/2021,#VALUE!,,0,0,
Street Outlaws 2: Winner Takes All,PS5_b,GameMill Entertainment,Team6 Game Studios,,,,,,,,,,9/21/2021,10/30/2021,#VALUE!,,0,0,
Street Outlaws 2: Winner Takes All,XS_b,GameMill Entertainment,Team6 Game Studios,,,,,,,,,,9/21/2021,10/30/2021,#VALUE!,,0,0,
Street Outlaws 2: Winner Takes All,PS4_b,GameMill Entertainment,Team6 Game Studios,,,,,,,,,,9/21/2021,10/30/2021,#VALUE!,,0,0,
Street Outlaws 2: Winner Takes All,XOne_b,GameMill Entertainment,Team6 Game Studios,,,,,,,,,,9/21/2021,10/30/2021,#VALUE!,,0,0,
Street Outlaws 2: Winner Takes All,NS_b,GameMill Entertainment,Team6 Game Studios,,,,,,,,,,9/21/2021,10/30/2021,#VALUE!,,0,0,
Potion Craft: The Alchemist Simulator,PC_b,TinyBuild Games,niceplay games,,,,0.10m,,,,,,9/21/2021,9/28/2021,#VALUE!,,0,0,
Diablo II: Resurrected,All_b,Blizzard Entertainment,Vicarious Visions,,,,5.00m,,,,,,9/23/2021,4/17/2022,#VALUE!,,0,0,
Actraiser Renaissance,NS_b,Square Enix,Square Enix,,,,,,,,,,9/23/2021,11/6/2021,#VALUE!,,0,0,
Diablo II: Resurrected,XS_b,Blizzard Entertainment,Vicarious Visions,,,,,,,,,,9/23/2021,2/20/2021,#VALUE!,,0,0,
Diablo II: Resurrected,XOne_b,Blizzard Entertainment,Vicarious Visions,,,,,,,,,,9/23/2021,2/20/2021,#VALUE!,,0,0,
Diablo II: Resurrected,PS5_b,Blizzard Entertainment,Vicarious Visions,,,,,,,,,,9/23/2021,2/20/2021,#VALUE!,,0,0,
Diablo II: Resurrected,PS4_b,Blizzard Entertainment,Vicarious Visions,,,,,,,,,,9/23/2021,2/20/2021,#VALUE!,,0,0,
Diablo II: Resurrected,PC_b,Blizzard Entertainment,Vicarious Visions,,,,,,,,,,9/23/2021,2/20/2021,#VALUE!,,0,0,
Diablo II: Resurrected,NS_b,Blizzard Entertainment,Vicarious Visions,,,,,,,,,,9/23/2021,2/20/2021,#VALUE!,,0,0,
Knockout Home Fitness,NS_b,Xseed Games,Pocket,,,,,,,,,,9/28/2021,6/15/2021,#VALUE!,,0,0,
Let's Build a Zoo,PS5_b,No More Robots,Springloaded,,,,,,,,,,9/29/2021,10/3/2022,#VALUE!,,0,0,
Let's Build a Zoo,NS_b,No More Robots,Springloaded,,,,,,,,,,9/29/2021,10/3/2022,#VALUE!,,0,0,
Hot Wheels Unleashed,All_b,Milestone,Milestone,,,,2.00m,,,,,,9/30/2021,12/22/2021,#VALUE!,,0,0,
Melty Blood: Type Lumina,All_b,Delightworks,French-Bread,,,,0.40m,,,,,,9/30/2021,3/15/2022,#VALUE!,,0,0,
FIFA 22,All_b,EA Sports,Electronic Arts,,,,,,,,,,10/1/2021,9/21/2021,#VALUE!,,0,0,
Alan Wake Remastered,PS4_b,Epic Games,Remedy Entertainment,,,,,,,,,,10/5/2021,9/11/2021,#VALUE!,,0,0,
Nickelodeon All-Star Brawl,XS_b,GameMill Entertainment,Ludosity,,,,,,,,,,10/5/2021,2/27/2022,#VALUE!,,0,0,
Nickelodeon All-Star Brawl,XOne_b,GameMill Entertainment,Ludosity,,,,,,,,,,10/5/2021,2/27/2022,#VALUE!,,0,0,
Nickelodeon All-Star Brawl,PS5_b,GameMill Entertainment,Ludosity,,7,,,,,,,,10/5/2021,2/27/2022,#VALUE!,,0,0,
Nickelodeon All-Star Brawl,PS4_b,GameMill Entertainment,Ludosity,,,,,,,,,,10/5/2021,2/27/2022,#VALUE!,,0,0,
Nickelodeon All-Star Brawl,PC_b,GameMill Entertainment,Ludosity,,,,,,,,,,10/5/2021,2/27/2022,#VALUE!,,0,0,
Nickelodeon All-Star Brawl,NS_b,GameMill Entertainment,Ludosity,,,,,,,,,,10/5/2021,2/27/2022,#VALUE!,,0,0,
Far Cry 6,All_b,Ubisoft,Ubisoft Toronto,,,,,,,,,,10/7/2021,10/28/2020,#VALUE!,,0,0,
Metroid Dread,NS_b,Nintendo,Nintendo,9,,,3.04m,,,,,,10/8/2021,6/15/2021,#VALUE!,,0,0,
Tetris Effect: Connected,NS_b,Enhance,"Tetris Online, Inc",,,,,,,,,,10/8/2021,11/6/2021,#VALUE!,,0,0,
The Idolmaster: Starlit Season,All_b,Bandai Namco,"ILCA, Inc.",,,,0.10m,,,,,,10/14/2021,10/20/2021,#VALUE!,,0,0,
Demon Slayer: Kimetsu no Yaiba Ã¢â‚¬â€œ The Hinokami Chronicles,All_b,Sega,CyberConnect2,,,,3.00m,,,,,,10/15/2021,1/4/2022,#VALUE!,,0,0,
Escape Simulator,PC_b,Pine Studio,Pine Studio,,,,1.00m,,,,,,10/19/2021,5/2/2022,#VALUE!,,0,0,
LEGO Star Wars: The Skywalker Saga,XOne_b,Warner Bros. Interactive Entertainment,TT Fusion,,,,,,,,,,10/20/2021,6/10/2019,#VALUE!,,0,0,
LEGO Star Wars: The Skywalker Saga,PC_b,Warner Bros. Interactive Entertainment,TT Fusion,,,,,,,,,,10/20/2021,6/10/2019,#VALUE!,,0,0,
LEGO Star Wars: The Skywalker Saga,NS_b,Warner Bros. Interactive Entertainment,TT Fusion,,,,,,,,,,10/20/2021,6/10/2019,#VALUE!,,0,0,
LEGO Star Wars: The Skywalker Saga,PS4_b,Warner Bros. Interactive Entertainment,TT Fusion,,,,,,,,,,10/20/2021,6/10/2019,#VALUE!,,0,0,
My Friend Peppa Pig,NS_b,Outright Games,Petoons Studio,,,,,,,,,,10/22/2021,8/11/2022,#VALUE!,,0,0,
Spacebase Startopia,XOne_b,Kalypso Media,Realmforge Studios,,,,,,,,,,10/23/2021,7/27/2020,#VALUE!,,0,0,
Spacebase Startopia,PS4_b,Kalypso Media,Realmforge Studios,,,,,,,,,,10/23/2021,7/27/2020,#VALUE!,,0,0,
Spacebase Startopia,PC_b,Kalypso Media,Realmforge Studios,,,,,,,,,,10/23/2021,7/27/2020,#VALUE!,,0,0,
Marvel's Guardians of the Galaxy,PS4_b,Square Enix,Eidos Montreal,,,,,,,,,,10/26/2021,6/13/2021,#VALUE!,,0,0,
Marvel's Guardians of the Galaxy,PS5_b,Square Enix,Eidos Montreal,,,,,,,,,,10/26/2021,6/13/2021,#VALUE!,,0,0,
Marvel's Guardians of the Galaxy,XOne_b,Square Enix,Eidos Montreal,,,,,,,,,,10/26/2021,6/13/2021,#VALUE!,,0,0,
Marvel's Guardians of the Galaxy,XS_b,Square Enix,Eidos Montreal,,,,,,,,,,10/26/2021,6/13/2021,#VALUE!,,0,0,
Marvel's Guardians of the Galaxy,PC_b,Square Enix,Eidos Montreal,,,9.7,,,,,,,10/26/2021,6/13/2021,#VALUE!,,0,0,
Marvel's Guardians of the Galaxy,NS_b,Square Enix,Eidos Montreal,,,,,,,,,,10/26/2021,6/15/2021,#VALUE!,,0,0,
Super Robot Wars 30,NS_b,Bandai Namco Entertainment,B.B. Studio,,,,,,,,,,10/27/2021,9/6/2022,#VALUE!,,0,0,
Super Robot Wars 30,WinP_b,Bandai Namco Entertainment,B.B. Studio,,,,,,,,,,10/27/2021,9/5/2022,#VALUE!,,0,0,
Fatal Frame: Maiden of Black Water,All_b,Koei Tecmo,Koei Tecmo Games,,,,0.34m,,,,,,10/28/2021,2/28/2022,#VALUE!,,0,0,
Mario Party Superstars,NS_b,Nintendo,Nintendo,8,,,10.17m,,,,,,10/29/2021,6/15/2021,#VALUE!,,0,0,
The Suicide of Rachel Foster,NS_b,Daedalic Entertainment,Daedalic Entertainment,,,,,,,,,,10/31/2021,7/2/2023,#VALUE!,,0,0,
Unpacking,All_b,Humble Bundle,Witch Beam,,,,1.00m,,,,,,11/2/2021,12/14/2021,#VALUE!,,0,0,
Just Dance 2022,All_b,Ubisoft,Ubisoft,,,,,,,,,,11/4/2021,9/21/2021,#VALUE!,,0,0,
Let's Build a Zoo,PC_b,No More Robots,Springloaded,,,,,,,,,,11/5/2021,10/3/2022,#VALUE!,,0,0,
Blue Reflection: Second Light,PS4_b,Koei Tecmo,Gust,,,,,,,,,,11/9/2021,11/10/2021,#VALUE!,,0,0,
Forza Horizon 5,XS_b,Xbox Game Studios,Playground Games,,,,,,,,,,11/9/2021,1/16/2022,#VALUE!,,0,0,
Forza Horizon 5,PC_b,Xbox Game Studios,Playground Games,,,,,,,,,,11/9/2021,1/16/2022,#VALUE!,,0,0,
Jurassic World Evolution 2,XS_b,Frontier Developments,Frontier Developments,,,,,,,,,,11/9/2021,6/10/2021,#VALUE!,,0,0,
Jurassic World Evolution 2,XOne_b,Frontier Developments,Frontier Developments,,,,,,,,,,11/9/2021,6/10/2021,#VALUE!,,0,0,
Jurassic World Evolution 2,PS5_b,Frontier Developments,Frontier Developments,,,,,,,,,,11/9/2021,6/10/2021,#VALUE!,,0,0,
Jurassic World Evolution 2,PS4_b,Frontier Developments,Frontier Developments,,,,,,,,,,11/9/2021,6/10/2021,#VALUE!,,0,0,
Jurassic World Evolution 2,PC_b,Frontier Developments,Frontier Developments,,,,,,,,,,11/9/2021,6/10/2021,#VALUE!,,0,0,
Blue Reflection: Second Light,All_b,Koei Tecmo,Gust,,,,0.12m,,,,,,11/9/2021,2/28/2022,#VALUE!,,0,0,
Shin Megami Tensei V,NS_b,Sega,Atlus,8,,,1.10m,,,,,,11/11/2021,12/8/2021,#VALUE!,,0,0,
Grand Theft Auto: The Trilogy Ã¢â‚¬â€œ The Definitive Edition,All_b,Rockstar Games,Grove Street Games,,,,,,,,,,11/11/2021,12/23/2021,#VALUE!,,0,0,
PokÃƒÂ©mon Brilliant Diamond / Shining Pearl,NS_b,Nintendo,Game Freak,2.5,,,15.06m,,,,,,11/19/2021,2/26/2021,#VALUE!,,0,0,
NASCAR Heat Ultimate Edition+,NS_b,Motorsport Games,704Games,,,,,,,,,,11/19/2021,1/4/2022,#VALUE!,,0,0,
Nerf Legends,NS_b,GameMill Entertainment,FUN Labs,,,,,,,,,,11/19/2021,6/11/2022,#VALUE!,,0,0,
Nerf Legends,PS5_b,GameMill Entertainment,FUN Labs,,,,,,,,,,11/19/2021,12/4/2021,#VALUE!,,0,0,
EDGE,WiiU_b,Two Tribes,Mobigame,,,,,,,,,,11/21/2021,4/17/2022,#VALUE!,,0,0,
Farming Simulator 22,All_b,Giants Software,Giants Software,,,,3.00m,,,,,,11/22/2021,12/1/2021,#VALUE!,,0,0,
Street Outlaws 2: Winner Takes All - Blazing Freedom Bundle,PS5_b,GameMill Entertainment,Team6 Game Studios,,,,,,,,,,11/25/2021,1/15/2022,#VALUE!,,0,0,
Street Outlaws 2: Winner Takes All - Blazing Freedom Bundle,PS4_b,GameMill Entertainment,Team6 Game Studios,,,,,,,,,,11/25/2021,1/21/2022,#VALUE!,,0,0,
Street Outlaws 2: Winner Takes All - Lizzy Musi Bundle,PS5_b,GameMill Entertainment,Team6 Game Studios,,,,,,,,,,11/25/2021,1/15/2022,#VALUE!,,0,0,
Street Outlaws 2: Winner Takes All - Lizzy Musi Bundle,PS4_b,GameMill Entertainment,Team6 Game Studios,,,,,,,,,,11/25/2021,1/21/2022,#VALUE!,,0,0,
Street Outlaws 2: Winner Takes All - Ryan Martin Bundle,PS5_b,GameMill Entertainment,Team6 Game Studios,,,,,,,,,,11/25/2021,1/15/2022,#VALUE!,,0,0,
Street Outlaws 2: Winner Takes All - Ryan Martin Bundle,PS4_b,GameMill Entertainment,Team6 Game Studios,,,,,,,,,,11/25/2021,1/21/2022,#VALUE!,,0,0,
Street Outlaws 2: Winner Takes All - Skull Noir Bundle,PS5_b,GameMill Entertainment,Team6 Game Studios,,,,,,,,,,11/25/2021,1/15/2022,#VALUE!,,0,0,
Street Outlaws 2: Winner Takes All - Skull Noir Bundle,PS4_b,GameMill Entertainment,Team6 Game Studios,,,,,,,,,,11/25/2021,1/21/2022,#VALUE!,,0,0,
Street Outlaws 2: Winner Takes All - Stargazer Bundle,PS5_b,GameMill Entertainment,Team6 Game Studios,,,,,,,,,,11/25/2021,1/15/2022,#VALUE!,,0,0,
Street Outlaws 2: Winner Takes All - Stargazer Bundle,PS4_b,GameMill Entertainment,Team6 Game Studios,,,,,,,,,,11/25/2021,1/21/2022,#VALUE!,,0,0,
Street Outlaws 2: Winner Takes All - Steel Thunder Bundle,PS5_b,GameMill Entertainment,Team6 Game Studios,,,,,,,,,,11/25/2021,1/15/2022,#VALUE!,,0,0,
Street Outlaws 2: Winner Takes All - Steel Thunder Bundle,PS4_b,GameMill Entertainment,Team6 Game Studios,,,,,,,,,,11/25/2021,1/21/2022,#VALUE!,,0,0,
Street Outlaws 2: Winner Takes All - The 70s Bundle,PS5_b,GameMill Entertainment,Team6 Game Studios,,,,,,,,,,11/25/2021,1/15/2022,#VALUE!,,0,0,
Street Outlaws 2: Winner Takes All - The 70s Bundle,PS4_b,GameMill Entertainment,Team6 Game Studios,,,,,,,,,,11/25/2021,1/21/2022,#VALUE!,,0,0,
Street Outlaws 2: Winner Takes All - The 80s Bundle,PS5_b,GameMill Entertainment,Team6 Game Studios,,,,,,,,,,11/25/2021,1/15/2022,#VALUE!,,0,0,
Street Outlaws 2: Winner Takes All - The 80s Bundle,PS4_b,GameMill Entertainment,Team6 Game Studios,,,,,,,,,,11/25/2021,1/21/2022,#VALUE!,,0,0,
Stray,PS5_b,Annapurna Interactive,Blue Twelve Studio,7,,,,,,,,,12/1/2021,6/11/2020,#VALUE!,,0,0,
Wartales,PC_b,Shiro Games,Shiro Games,,,,0.60m,,,,,,12/1/2021,2/9/2022,#VALUE!,,0,0,
30XX,PC_b,Batterystaple Games,Batterystaple Games,7.5,,,,,,,,,12/1/2021,8/26/2020,#VALUE!,,0,0,
As Dusk Falls,XS_b,Xbox Game Studios,Interior/Night,,,,,,,,,,12/1/2021,7/23/2020,#VALUE!,,0,0,
Balan Wonderworld,XS_b,Square Enix,Square Enix,,,,,,,,,,12/1/2021,7/23/2020,#VALUE!,,0,0,
Balan Wonderworld,XOne_b,Square Enix,Square Enix,,,,,,,,,,12/1/2021,7/23/2020,#VALUE!,,0,0,
Balan Wonderworld,PS5_b,Square Enix,Square Enix,,,,,,,,,,12/1/2021,7/23/2020,#VALUE!,,0,0,
Balan Wonderworld,PS4_b,Square Enix,Square Enix,,,,,,,,,,12/1/2021,7/23/2020,#VALUE!,,0,0,
Balan Wonderworld,PC_b,Square Enix,Square Enix,,,,,,,,,,12/1/2021,7/23/2020,#VALUE!,,0,0,
Battlefield VI,XS_b,Electronic Arts,EA DICE,,,,,,,,,,12/1/2021,6/18/2020,#VALUE!,,0,0,
Battlefield VI,PS5_b,Electronic Arts,EA DICE,,,,,,,,,,12/1/2021,6/18/2020,#VALUE!,,0,0,
Battlefield VI,PC_b,Electronic Arts,EA DICE,,,,,,,,,,12/1/2021,6/18/2020,#VALUE!,,0,0,
Bless Unleashed,PC_b,Neowiz Corporation,Round8 Studio,,,,,,,,,,12/1/2021,9/29/2020,#VALUE!,,0,0,
Blue Fire,XOne_b,Graffiti,Robi Studios,,,,,,,,,,12/1/2021,8/4/2020,#VALUE!,,0,0,
Blue Fire,PS4_b,Graffiti,Robi Studios,,,,,,,,,,12/1/2021,8/4/2020,#VALUE!,,0,0,
Blue Fire,PC_b,Graffiti,Robi Studios,,,,,,,,,,12/1/2021,8/4/2020,#VALUE!,,0,0,
Bright Memory Infinite,XS_b,Playism,FYQD Personal Studio,,,,,,,,,,12/1/2021,6/17/2021,#VALUE!,,0,0,
Bright Memory: Infinite,PS4_b,Playism,FYQD Personal Studio,,,,,,,,,,12/1/2021,3/20/2019,#VALUE!,,0,0,
Bright Memory: Infinite,XOne_b,Playism,FYQD Personal Studio,,,,,,,,,,12/1/2021,3/20/2019,#VALUE!,,0,0,
Bright Memory: Infinite,PC_b,Playism,FYQD Personal Studio,,,,,,,,,,12/1/2021,3/20/2019,#VALUE!,,0,0,
Carrion,PS4_b,Devolver Digital,Phobia Game Studio,,,,,,,,,,12/1/2021,5/23/2020,#VALUE!,,0,0,
Control,XS_b,505 Games,Remedy,,,,,,,,,,12/1/2021,6/13/2020,#VALUE!,,0,0,
Control,PS5_b,505 Games,Remedy,,,,,,,,,,12/1/2021,6/13/2020,#VALUE!,,0,0,
CrossfireX,XS_b,Smilegate Megaport,Remedy Entertainment,,,,,,,,,,12/1/2021,8/12/2020,#VALUE!,,0,0,
CrossfireX,XOne_b,Smilegate Megaport,Remedy Entertainment,,,,,,,,,,12/1/2021,8/12/2020,#VALUE!,,0,0,
Cyberpunk 2077,XS_b,CD Projekt Red Studio,CD Projekt Red Studio,,,,,,,,,,12/1/2021,6/18/2020,#VALUE!,,0,0,
Cyberpunk 2077,PS5_b,CD Projekt Red Studio,CD Projekt Red Studio,,,,,,,,,,12/1/2021,6/18/2020,#VALUE!,,0,0,
Demon Turf,XS_b,Fabraz,Fabraz,,,,,,,,,,12/1/2021,6/18/2020,#VALUE!,,0,0,
Demon Turf,XOne_b,Fabraz,Fabraz,,,,,,,,,,12/1/2021,6/18/2020,#VALUE!,,0,0,
Demon Turf,PC_b,Fabraz,Fabraz,,,,,,,,,,12/1/2021,6/18/2020,#VALUE!,,0,0,
Demon Turf,NS_b,Fabraz,Fabraz,,,,,,,,,,12/1/2021,6/18/2020,#VALUE!,,0,0,
Destiny 2,XS_b,Bungie Software,Bungie,,,,,,,,,,12/1/2021,6/13/2020,#VALUE!,,0,0,
Destiny 2,PS5_b,Bungie Software,Bungie,,,,,,,,,,12/1/2021,6/13/2020,#VALUE!,,0,0,
Dustborn,XS_b,Red Thread Games,Red Thread Games,,,,,,,,,,12/1/2021,6/18/2020,#VALUE!,,0,0,
Dustborn,PS5_b,Red Thread Games,Red Thread Games,,,,,,,,,,12/1/2021,6/18/2020,#VALUE!,,0,0,
Dustborn,PC_b,Red Thread Games,Red Thread Games,,,,,,,,,,12/1/2021,6/18/2020,#VALUE!,,0,0,
Dying Light 2 Stay Human,XS_b,Techland,Techland,6,,,,,,,,,12/1/2021,6/15/2021,#VALUE!,,0,0,
Dying Light 2 Stay Human,PS5_b,Techland,Techland,,,,,,,,,,12/1/2021,6/15/2021,#VALUE!,,0,0,
Echo Generation,XOne_b,Cococucumber,Cococucumber,,,,,,,,,,12/1/2021,7/23/2020,#VALUE!,,0,0,
Echo Generation,XS_b,Cococucumber,Cococucumber,,,,,,,,,,12/1/2021,7/23/2020,#VALUE!,,0,0,
Echo Generation,PC_b,Cococucumber,Cococucumber,,,,,,,,,,12/1/2021,7/23/2020,#VALUE!,,0,0,
Everwild,PC_b,Xbox Game Studios,Rare Ltd.,,,,,,,,,,12/1/2021,7/23/2020,#VALUE!,,0,0,
Exomecha,XS_b,TwistedRed,TwistedRed,,,,,,,,,,12/1/2021,7/23/2020,#VALUE!,,0,0,
Exomecha,XOne_b,TwistedRed,TwistedRed,,,,,,,,,,12/1/2021,7/23/2020,#VALUE!,,0,0,
Exomecha,PC_b,TwistedRed,TwistedRed,,,,,,,,,,12/1/2021,7/23/2020,#VALUE!,,0,0,
Fable,XS_b,Xbox Game Studios,Playground Games,,,,,,,,,,12/1/2021,7/23/2020,#VALUE!,,0,0,
Flipper Mechanic,XS_b,SimFabric,SimFabric,,,,,,,,,,12/1/2021,6/15/2020,#VALUE!,,0,0,
Flipper Mechanic,XOne_b,SimFabric,SimFabric,,,,,,,,,,12/1/2021,6/15/2020,#VALUE!,,0,0,
Flipper Mechanic,PS5_b,SimFabric,SimFabric,,,,,,,,,,12/1/2021,6/15/2020,#VALUE!,,0,0,
Flipper Mechanic,PS4_b,SimFabric,SimFabric,,,,,,,,,,12/1/2021,6/15/2020,#VALUE!,,0,0,
Flipper Mechanic,PC_b,SimFabric,SimFabric,,,,,,,,,,12/1/2021,6/15/2020,#VALUE!,,0,0,
Flipper Mechanic,NS_b,SimFabric,SimFabric,,,,,,,,,,12/1/2021,6/15/2020,#VALUE!,,0,0,
Ghostwire Tokyo,PC_b,Bethesda Softworks,Tango Gameworks,,,,,,,,,,12/1/2021,6/9/2019,#VALUE!,,0,0,
Ghostwire Tokyo,PS5_b,Bethesda Softworks,Tango Gameworks,5,,,,,,,,,12/1/2021,6/12/2020,#VALUE!,,0,0,
Goodbye Volcano High,PS4_b,KO_OP Mode,KO_OP Mode,,,,,,,,,,12/1/2021,6/11/2020,#VALUE!,,0,0,
Goodbye Volcano High,PS5_b,KO_OP Mode,KO_OP Mode,,,,,,,,,,12/1/2021,6/11/2020,#VALUE!,,0,0,
Goodbye Volcano High,PC_b,KO_OP Mode,KO_OP Mode,,,,,,,,,,12/1/2021,6/11/2020,#VALUE!,,0,0,
Gothic (2021),XS_b,THQ,THQ,,,,,,,,,,12/1/2021,6/18/2020,#VALUE!,,0,0,
Gothic (2021),PS5_b,THQ,THQ,,,,,,,,,,12/1/2021,6/18/2020,#VALUE!,,0,0,
Gothic (2021),PC_b,THQ,THQ,,,,,,,,,,12/1/2021,6/18/2020,#VALUE!,,0,0,
Grand Theft Auto V,PS5_b,Rockstar Games,Rockstar Games,,,,,,,,,,12/1/2021,6/11/2020,#VALUE!,,0,0,
Grand Theft Auto V,XS_b,Rockstar Games,Rockstar Games,,,,,,,,,,12/1/2021,6/12/2020,#VALUE!,,0,0,
Hitman 3,PS5_b,IO Interactive,IO Interactive,,,,,,,,,,12/1/2021,6/11/2020,#VALUE!,,0,0,
Hitman 3,XS_b,IO Interactive,IO Interactive,,,,,,,,,,12/1/2021,6/12/2020,#VALUE!,,0,0,
Hitman 3,XOne_b,IO Interactive,IO Interactive,,,,,,,,,,12/1/2021,6/12/2020,#VALUE!,,0,0,
Hitman 3,PS4_b,IO Interactive,IO Interactive,7,,,,,,,,,12/1/2021,6/12/2020,#VALUE!,,0,0,
Hitman 3,PC_b,IO Interactive,IO Interactive,,,,,,,,,,12/1/2021,6/12/2020,#VALUE!,,0,0,
Hogwarts Legacy,XS_b,Warner Bros. Interactive Entertainment,Avalanche Software,,,,,,,,,,12/1/2021,9/16/2020,#VALUE!,,0,0,
Hogwarts Legacy,XOne_b,Warner Bros. Interactive Entertainment,Avalanche Software,,,,,,,,,,12/1/2021,9/16/2020,#VALUE!,,0,0,
Hogwarts Legacy,PS4_b,Warner Bros. Interactive Entertainment,Avalanche Software,,,,,,,,,,12/1/2021,9/16/2020,#VALUE!,,0,0,
Hogwarts Legacy,PC_b,Warner Bros. Interactive Entertainment,Avalanche Software,8,,,,,,,,,12/1/2021,9/16/2020,#VALUE!,,0,0,
Kena: Bridge of Spirits,PS5_b,Ember Lab,Ember Lab,8,,,,,,,,,12/1/2021,6/11/2020,#VALUE!,,0,0,
Kena: Bridge of Spirits,PC_b,Ember Lab,Ember Lab,,,,,,,,,,12/1/2021,6/12/2020,#VALUE!,,0,0,
Metal: Hellsinger,XS_b,Funcom,The Outsiders,,,,,,,,,,12/1/2021,6/18/2020,#VALUE!,,0,0,
Metal: Hellsinger,XOne_b,Funcom,The Outsiders,,,,,,,,,,12/1/2021,6/18/2020,#VALUE!,,0,0,
Metal: Hellsinger,PS5_b,Funcom,The Outsiders,,,,,,,,,,12/1/2021,6/18/2020,#VALUE!,,0,0,
Metal: Hellsinger,PS4_b,Funcom,The Outsiders,,,,,,,,,,12/1/2021,6/18/2020,#VALUE!,,0,0,
Metal: Hellsinger,PC_b,Funcom,The Outsiders,,,,,,,,,,12/1/2021,6/18/2020,#VALUE!,,0,0,
MicroMan,XS_b,Glob Games Studio,Glob Games Studio,,,,,,,,,,12/1/2021,6/14/2020,#VALUE!,,0,0,
MicroMan,PS5_b,Glob Games Studio,Glob Games Studio,,,,,,,,,,12/1/2021,6/14/2020,#VALUE!,,0,0,
MicroMan,NS_b,Glob Games Studio,Glob Games Studio,,,,,,,,,,12/1/2021,6/14/2020,#VALUE!,,0,0,
MicroMan,PC_b,Glob Games Studio,Glob Games Studio,,,,,,,,,,12/1/2021,6/14/2020,#VALUE!,,0,0,
Oddworld: Soulstorm,PS5_b,Oddworld Inhabitants,Oddworld Inhabitants,,,,,,,,,,12/1/2021,6/14/2020,#VALUE!,,0,0,
Oddworld: Soulstorm,PS4_b,Oddworld Inhabitants,Oddworld Inhabitants,7,,,,,,,,,12/1/2021,6/14/2020,#VALUE!,,0,0,
Oddworld: Soulstorm,PC_b,Oddworld Inhabitants,Oddworld Inhabitants,,,,,,,,,,12/1/2021,6/14/2020,#VALUE!,,0,0,
Orphan of the Machine,XS_b,Dynamic Voltage Games,Dynamic Voltage Games,,,,,,,,,,12/1/2021,6/17/2020,#VALUE!,,0,0,
Phantasy Star Online 2: New Genesis,XS_b,Sega,Sega,,,,,,,,,,12/1/2021,7/23/2020,#VALUE!,,0,0,
Phantasy Star Online 2: New Genesis,XOne_b,Sega,Sega,,,,,,,,,,12/1/2021,7/23/2020,#VALUE!,,0,0,
Phantasy Star Online 2: New Genesis,PC_b,Sega,Sega,,,,,,,,,,12/1/2021,7/23/2020,#VALUE!,,0,0,
Planet Coaster: Console Edition,XS_b,Frontier Developments,Frontier Developments,,,,,,,,,,12/1/2021,6/17/2020,#VALUE!,,0,0,
Planet Coaster: Console Edition,PS5_b,Frontier Developments,Frontier Developments,,,,,,,,,,12/1/2021,6/17/2020,#VALUE!,,0,0,
Pragmata,PS5_b,Capcom,Capcom,,,,,,,,,,12/1/2021,6/11/2020,#VALUE!,,0,0,
Pragmata,XS_b,Capcom,Capcom,,,,,,,,,,12/1/2021,6/12/2020,#VALUE!,,0,0,
Pragmata,PC_b,Capcom,Capcom,,,,,,,,,,12/1/2021,6/12/2020,#VALUE!,,0,0,
Project Athia,PS5_b,Square Enix,Square Enix,,,,,,,,,,12/1/2021,6/11/2020,#VALUE!,,0,0,
Project Athia,PC_b,Square Enix,Square Enix,,,,,,,,,,12/1/2021,6/15/2020,#VALUE!,,0,0,
Quantum Error,PS5_b,TeamKill Media,TeamKill Media,,,,,,,,,,12/1/2021,6/15/2020,#VALUE!,,0,0,
Quantum Error,PS4_b,TeamKill Media,TeamKill Media,,,,,,,,,,12/1/2021,6/15/2020,#VALUE!,,0,0,
Resident Evil 8: Village,XS_b,Capcom,Capcom,,,,,,,,,,12/1/2021,6/12/2020,#VALUE!,,0,0,
Resident Evil 8: Village,PC_b,Capcom,Capcom,,,,,,,,,,12/1/2021,6/12/2020,#VALUE!,,0,0,
Roots of Pacha,XS_b,Crytivo Games,Soda Den,,,,,,,,,,12/1/2021,6/16/2020,#VALUE!,,0,0,
Roots of Pacha,XOne_b,Crytivo Games,Soda Den,,,,,,,,,,12/1/2021,6/16/2020,#VALUE!,,0,0,
Roots of Pacha,PS5_b,Crytivo Games,Soda Den,,,,,,,,,,12/1/2021,6/16/2020,#VALUE!,,0,0,
Roots of Pacha,PS4_b,Crytivo Games,Soda Den,,,,,,,,,,12/1/2021,6/16/2020,#VALUE!,,0,0,
Roots of Pacha,PC_b,Crytivo Games,Soda Den,,,,,,,,,,12/1/2021,6/16/2020,#VALUE!,,0,0,
Roots of Pacha,NS_b,Crytivo Games,Soda Den,,,,,,,,,,12/1/2021,6/16/2020,#VALUE!,,0,0,
S.T.A.L.K.E.R. 2,XS_b,GSC Game World,GSC Game World,,,,,,,,,,12/1/2021,7/23/2020,#VALUE!,,0,0,
Second Extinction,XOne_b,Systemic Reaction,Systemic Reaction,,,,,,,,,,12/1/2021,6/17/2020,#VALUE!,,0,0,
Second Extinction,PC_b,Systemic Reaction,Systemic Reaction,,,,,,,,,,12/1/2021,6/17/2020,#VALUE!,,0,0,
Senua's Saga: Hellblade 2,XS_b,Xbox Game Studios,Ninja Theory,,,,,,,,,,12/1/2021,12/13/2019,#VALUE!,,0,0,
Senua's Saga: Hellblade 2,PC_b,Xbox Game Studios,Ninja Theory,,,,,,,,,,12/1/2021,1/10/2020,#VALUE!,,0,0,
Sherlock Holmes: Chapter One,XS_b,Frogwares,Frogwares,,,,,,,,,,12/1/2021,6/16/2020,#VALUE!,,0,0,
Sherlock Holmes: Chapter One,XOne_b,Frogwares,Frogwares,,,,,,,,,,12/1/2021,6/16/2020,#VALUE!,,0,0,
Sherlock Holmes: Chapter One,PS5_b,Frogwares,Frogwares,,,,,,,,,,12/1/2021,6/16/2020,#VALUE!,,0,0,
Sherlock Holmes: Chapter One,PS4_b,Frogwares,Frogwares,,,,,,,,,,12/1/2021,6/16/2020,#VALUE!,,0,0,
Sherlock Holmes: Chapter One,PC_b,Frogwares,Frogwares,,,,,,,,,,12/1/2021,6/16/2020,#VALUE!,,0,0,
Shibito Magire,PS4_b,Experience Inc.,Experience Inc.,,,,,,,,,,12/1/2021,1/14/2020,#VALUE!,,0,0,
Shibito Magire,NS_b,Experience Inc.,Experience Inc.,,,,,,,,,,12/1/2021,1/14/2020,#VALUE!,,0,0,
Solar Ash,PS5_b,Annapurna Interactive,Heart Machine,,,,,,,,,,12/1/2021,6/16/2020,#VALUE!,,0,0,
Solar Ash,PS4_b,Annapurna Interactive,Heart Machine,,,,,,,,,,12/1/2021,6/16/2020,#VALUE!,,0,0,
Solar Ash,PC_b,Annapurna Interactive,Heart Machine,6.5,,,,,,,,,12/1/2021,6/16/2020,#VALUE!,,0,0,
Stray,PS4_b,Annapurna Interactive,Blue Twelve Studio,,,,,,,,,,12/1/2021,6/17/2020,#VALUE!,,0,0,
Suicide Squad: Kill the Justice League,PC_b,Warner Bros. Interactive Entertainment,Rocksteady Studios,,,,,,,,,,12/1/2021,8/22/2020,#VALUE!,,0,0,
Suicide Squad: Kill the Justice League,PS5_b,Warner Bros. Interactive Entertainment,Rocksteady Studios,,,,,,,,,,12/1/2021,8/22/2020,#VALUE!,,0,0,
Suicide Squad: Kill the Justice League,XS_b,Warner Bros. Interactive Entertainment,Rocksteady Studios,,,,,,,,,,12/1/2021,8/22/2020,#VALUE!,,0,0,
Tetris Effect Connected,PC_b,Enhance,"Tetris Online, Inc",,,,,,,,,,12/1/2021,7/23/2020,#VALUE!,,0,0,
The Gunk,PC_b,Thunderful Publishing AB,Image & Form Games,,,,,,,,,,12/1/2021,7/23/2020,#VALUE!,,0,0,
The Gunk,XS_b,Thunderful Publishing AB,Image & Form Games,,,,,,,,,,12/1/2021,7/23/2020,#VALUE!,,0,0,
The Gunk,XOne_b,Thunderful Publishing AB,Image & Form Games,,,,,,,,,,12/1/2021,7/23/2020,#VALUE!,,0,0,
The Lord of the Rings: Gollum,XS_b,Daedalic Entertainment,Daedalic Entertainment,1.5,,,,,,,,,12/1/2021,1/10/2020,#VALUE!,,0,0,
The Lord of the Rings: Gollum,PS5_b,Daedalic Entertainment,Daedalic Entertainment,,,,,,,,,,12/1/2021,1/10/2020,#VALUE!,,0,0,
The Lord of the Rings: Gollum,PC_b,Daedalic Entertainment,Daedalic Entertainment,,,,,,,,,,12/1/2021,1/10/2020,#VALUE!,,0,0,
Big Brain Academy: Brain vs. Brain,NS_b,Nintendo,Nintendo,,,,1.94m,,,,,,12/3/2021,9/11/2021,#VALUE!,,0,0,
Danganronpa Decadence,NS_b,Spike Chunsoft,Spike Chunsoft,,,,,,,,,,12/3/2021,6/15/2021,#VALUE!,,0,0,
Street Outlaws 2: Winner Takes All,PC_b,GameMill Entertainment,Team6 Game Studios,,,,,,,,,,12/3/2021,12/24/2021,#VALUE!,,0,0,
Halo Infinite,XOne_b,Microsoft Studios,343 Industries,,,,,,,,,,12/8/2021,6/19/2019,#VALUE!,,0,0,
Halo Infinite,PC_b,Microsoft Studios,343 Industries,,,,,,,,,,12/8/2021,6/19/2019,#VALUE!,,0,0,
Halo Infinite,XS_b,Xbox Game Studios,Microsoft Game Studios,8,,,,,,,,,12/8/2021,12/13/2019,#VALUE!,,0,0,
Monster Rancher 1 & 2 DX,NS_b,Koei Tecmo,Koei Tecmo Games,,,,,,,,,,12/9/2021,8/27/2021,#VALUE!,,0,0,
Metroid Prime 4,NS_b,Nintendo,Nintendo,,,,,,,,,,12/31/2021,1/25/2019,#VALUE!,,0,0,
S.T.A.L.K.E.R. 2,PC_b,GSC Game World,GSC Game World,,,,,,,,,,12/31/2021,,#VALUE!,,0,0,
Final Fantasy XVI,PC_b,Square Enix,Square Enix,,,,,,,,,,12/31/2021,9/16/2020,#VALUE!,,0,0,
Hogwarts Legacy,PS5_b,Warner Bros. Interactive Entertainment,Avalanche Studios,,,,,,,,,,12/31/2021,9/16/2020,#VALUE!,,0,0,
Monument Valley 3,All_b,Ustwo Games,Ustwo Games,,,,,,,,,,1/1/2022,1/30/2021,#VALUE!,,0,0,
Monster Hunter Rise,PC_b,Capcom,Capcom,,,,,,,,,,1/12/2022,1/18/2022,#VALUE!,,0,0,
God of War,PC_b,PlayStation PC,SIE Santa Monica Studio,,,,0.97m,,,,,,1/14/2022,5/26/2022,#VALUE!,,0,0,
Needy Streamer Overload,All_b,WSS playground,WSS playground,,,,1.00m,,,,,,1/21/2022,6/30/2023,#VALUE!,,0,0,
Dread Hunger,PC_b,Digital Confectioners,Dread Hunger Team,,,,1.00m,,,,,,1/26/2022,6/24/2023,#VALUE!,,0,0,
PokÃƒÂ©mon Legends: Arceus,NS_b,Nintendo,Game Freak,8,,,14.83m,,,,,,1/28/2022,2/26/2021,#VALUE!,,0,0,
Dying Light 2 Stay Human,All_b,Techland,Techland,,,,5.00m,,,,,,2/4/2022,4/22/2022,#VALUE!,,0,0,
Sifu,All_b,Sloclap,Sloclap,,,,2.00m,,,,,,2/8/2022,3/2/2022,#VALUE!,,0,0,
Retro Bowl,NS_b,Five Aces Publishing,New Star Games,,,,,,,,,,2/10/2022,3/1/2022,#VALUE!,,0,0,
Rise of the Third Power,NS_b,Unknown,Stegosoft Games,,,,,,,,,,2/10/2022,3/1/2022,#VALUE!,,0,0,
Infernax,NS_b,The Arcade Crew,Berzerk Studio,,,,,,,,,,2/14/2022,4/19/2022,#VALUE!,,0,0,
Dynasty Warriors 9 Empires,All_b,Koei Tecmo,Omega Force,,,,0.28m,,,,,,2/15/2022,2/28/2022,#VALUE!,,0,0,
Horizon: Forbidden West,All_b,Sony Interactive Entertainment,Guerrilla Games,,,,8.40m,,,,,,2/18/2022,2/17/2022,#VALUE!,,0,0,
Horizon: Forbidden West,PS5_b,Sony Interactive Entertainment,Guerrilla Games,7.5,,,,,,,,,2/18/2022,6/11/2020,#VALUE!,,0,0,
Horizon: Forbidden West,PS4_b,Sony Interactive Entertainment,Guerrilla Games,,,,,,,,,,2/18/2022,1/10/2021,#VALUE!,,0,0,
Monark,All_b,FuRyu Corporation,Lancarse,,,,0.05m,,,,,,2/22/2022,10/21/2021,#VALUE!,,0,0,
Elden Ring,All_b,Bandai Namco Entertainment,From Software,,,,20.50m,,,,,,2/25/2022,2/28/2022,#VALUE!,,0,0,
Elden Ring,PS5_b,Bandai Namco Entertainment,From Software,,,,3.64m,,,,,,2/25/2022,1/18/2023,#VALUE!,,0,0,
Elden Ring,XS_b,Bandai Namco Entertainment,From Software,,,,3.04m,,,,,,2/25/2022,1/18/2023,#VALUE!,,0,0,
Elden Ring,PS4_b,Bandai Namco Entertainment,From Software,,,,2.67m,,,,,,2/25/2022,1/18/2023,#VALUE!,,0,0,
Elden Ring,PC_b,Bandai Namco Entertainment,From Software,8.5,,,,,,,,,2/25/2022,1/18/2023,#VALUE!,,0,0,
Elden Ring,XOne_b,Bandai Namco Entertainment,From Software,,,,,,,,,,2/25/2022,1/18/2023,#VALUE!,,0,0,
GRID Legends,PC_b,Electronic Arts,Codemasters,,,,,,,,,,2/25/2022,7/24/2021,#VALUE!,,0,0,
Atelier Sophie 2: The Alchemist of the Mysterious Dream,All_b,Koei Tecmo,Gust,,,,0.20m,,,,,,2/25/2022,5/11/2022,#VALUE!,,0,0,
Aperture Desk Job,PC_b,Valve,Valve,,,,,,,,,,3/1/2022,1/29/2023,#VALUE!,,0,0,
Babylon's Fall,PS4_b,Square Enix,PlatinumGames,,,,,,,,,,3/3/2022,4/9/2019,#VALUE!,,0,0,
Babylon's Fall,PC_b,Square Enix,PlatinumGames,3,,,,,,,,,3/3/2022,4/9/2019,#VALUE!,,0,0,
Babylon's Fall,PS5_b,Square Enix,PlatinumGames,,,,,,,,,,3/3/2022,6/13/2021,#VALUE!,,0,0,
Triangle Strategy,All_b,Square Enix,Square Enix,,,,1.00m,,,,,,3/4/2022,12/21/2022,#VALUE!,,0,0,
Triangle Strategy,NS_b,Nintendo,Square Enix,7.5,,,0.80m,,,,,,3/4/2022,4/8/2022,#VALUE!,,0,0,
Gran Turismo 7,PS4_b,Sony Computer Entertainment,Polyphony Digital,,,,,,,,,,3/4/2022,,#VALUE!,,0,0,
Gran Turismo 7,PS5_b,Sony Interactive Entertainment,Polyphony Digital,8,,,,,,,,,3/4/2022,8/2/2021,#VALUE!,,0,0,
Ryan's Rescue Squad,NS_b,Outright Games,Stage Clear Studios,,,,,,,,,,3/4/2022,8/11/2022,#VALUE!,,0,0,
Core Keeper,PC_b,Fireshine Games,Pugstorm Game Studios,,,,0.50m,,,,,,3/8/2022,3/11/2022,#VALUE!,,0,0,
WWE 2K22,All_b,2K Sports,Visual Concepts,,,,,,,,,,3/11/2022,9/21/2021,#VALUE!,,0,0,
Rune Factory 5,NS_b,Marvelous Entertainment,Xseed Games,7,,,0.50m,,,,,,3/22/2022,2/13/2019,#VALUE!,,0,0,
Kirby and the Forgotten Land,NS_b,Nintendo,HAL Laboratory,8,,,6.46m,,,,,,3/25/2022,1/15/2022,#VALUE!,,0,0,
Death Stranding Director's Cut,PC_b,505 Games,Kojima Productions,,,,,,,,,,3/30/2022,4/5/2023,#VALUE!,,0,0,
Lego Star Wars: The Skywalker Saga,All_b,Warner Bros. Interactive Entertainment,TT Games,,,,3.20m,,,,,,4/5/2022,4/22/2022,#VALUE!,,0,0,
Chrono Cross: The Radical Dreamers Edition,NS_b,Square Enix,Square Enix,,,,,,,,,,4/7/2022,2/9/2022,#VALUE!,,0,0,
Chrono Cross: The Radical Dreamers Edition,PS4_b,Square-Enix,Square Enix,,,,,,,,,,4/7/2022,4/19/2022,#VALUE!,,0,0,
13 Sentinels: Aegis Rim,NS_b,Sega,Vanillaware,,,,,,,,,,4/12/2022,11/28/2022,#VALUE!,,0,0,
Winning Post 9 2022,All_b,Koei Tecmo,Koei Tecmo Games,,,,0.10m,,,,,,4/14/2022,8/3/2022,#VALUE!,,0,0,
eBASEBALL Powerful Pro Baseball 2022,All_b,Konami,Konami,,,,0.50m,,,,,,4/21/2022,6/9/2022,#VALUE!,,0,0,
Nintendo Switch Sports,NS_b,Nintendo,Nintendo,3,,,9.60m,,,,,,4/29/2022,2/9/2022,#VALUE!,,0,0,
V Rising,PC_b,Stunlock Studios,Stunlock Studios,,,,3.00m,,,,,,5/17/2022,5/24/2022,#VALUE!,,0,0,
Taiko Risshiden V DX,All_b,Koei Tecmo,Koei Tecmo Games,,,,0.18m,,,,,,5/19/2022,8/3/2022,#VALUE!,,0,0,
Forspoken,PS5_b,Square Enix,Luminous Productions,,,,,,,,,,5/24/2022,9/11/2021,#VALUE!,,0,0,
Forspoken,PC_b,Square Enix,Luminous Productions,,,,,,,,,,5/24/2022,9/11/2021,#VALUE!,,0,0,
fault - StP - LIGHTKRAVTE,PC_b,Phoenixx Inc.,ALICE IN DISSONANCE,,,,,,,,,,5/28/2022,9/21/2022,#VALUE!,,0,0,
Mario Strikers: Battle League,NS_b,Nintendo,Nintendo,5.5,,,2.54m,,,,,,6/10/2022,2/9/2022,#VALUE!,,0,0,
The Quarry,XS_b,2K Games,Supermassive Games Ltd.,,,,,,,,,,6/10/2022,4/27/2022,#VALUE!,,0,0,
The Quarry,XOne_b,2K Games,Supermassive Games Ltd.,,,,,,,,,,6/10/2022,4/27/2022,#VALUE!,,0,0,
The Quarry,PS5_b,2K Games,Supermassive Games Ltd.,6,,,,,,,,,6/10/2022,4/27/2022,#VALUE!,,0,0,
The Quarry,PS4_b,2K Games,Supermassive Games Ltd.,,,,,,,,,,6/10/2022,4/27/2022,#VALUE!,,0,0,
The Quarry,PC_b,2K Games,Supermassive Games Ltd.,,,,,,,,,,6/10/2022,4/27/2022,#VALUE!,,0,0,
Teenage Mutant Ninja Turtles: Shredder's Revenge,All_b,DotEmu,Tribute Games,,,,1.00m,,,,,,6/16/2022,7/13/2022,#VALUE!,,0,0,
Teenage Mutant Ninja Turtles: Shredder's Revenge,PS4_b,DotEmu,Tribute Games,,,,,,,,,,6/16/2022,6/10/2022,#VALUE!,,0,0,
Teenage Mutant Ninja Turtles: Shredder's Revenge,PC_b,DotEmu,Tribute Games,,,,,,,,,,6/16/2022,6/10/2022,#VALUE!,,0,0,
Teenage Mutant Ninja Turtles: Shredder's Revenge,NS_b,DotEmu,Tribute Games,8,,,,,,,,,6/16/2022,6/10/2022,#VALUE!,,0,0,
Sonic Origins,XS_b,Sega,Sega,,,,,,,,,,6/23/2022,4/27/2022,#VALUE!,,0,0,
Sonic Origins,XOne_b,Sega,Sega,,,,,,,,,,6/23/2022,4/27/2022,#VALUE!,,0,0,
Sonic Origins,PS5_b,Sega,Sega,,,,,,,,,,6/23/2022,4/27/2022,#VALUE!,,0,0,
Sonic Origins,PS4_b,Sega,Sega,,,,,,,,,,6/23/2022,4/27/2022,#VALUE!,,0,0,
Sonic Origins,PC_b,Sega,Sega,,,,,,,,,,6/23/2022,4/27/2022,#VALUE!,,0,0,
Sonic Origins,NS_b,Sega,Sega,,,,,,,,,,6/23/2022,4/27/2022,#VALUE!,,0,0,
Pocky & Rocky Reshrined,All_b,Natsume Atari,Tengo Project,,,,0.10m,,,,,,6/23/2022,7/14/2022,#VALUE!,,0,0,
Fire Emblem Warriors: Three Hopes,NS_b,Nintendo,Omega Force,6,,,1.00m,,,,,,6/24/2022,2/9/2022,#VALUE!,,0,0,
AI: The Somnium Files - nirvanA Initiative,NS_b,Spike Chunsoft,Spike Chunsoft,,,,,,,,,,6/24/2022,12/8/2022,#VALUE!,,0,0,
Capcom Fighting Collection,XOne_b,Capcom,Capcom,,,,,,,,,,6/24/2022,4/27/2022,#VALUE!,,0,0,
Capcom Fighting Collection,PS4_b,Capcom,Capcom,,,,,,,,,,6/24/2022,4/27/2022,#VALUE!,,0,0,
Capcom Fighting Collection,PC_b,Capcom,Capcom,,,,,,,,,,6/24/2022,4/27/2022,#VALUE!,,0,0,
Capcom Fighting Collection,NS_b,Capcom,Capcom,,,,,,,,,,6/24/2022,4/27/2022,#VALUE!,,0,0,
Portal: Companion Collection,NS_b,Valve Corporation,Valve Corporation,,,,,,,,,,6/28/2022,12/1/2022,#VALUE!,,0,0,
Monster Hunter Rise: Sunbreak,All_b,Capcom,Capcom,,,,6.10m,,,,,,6/30/2022,7/5/2022,#VALUE!,,0,0,
Cuphead - The Delicious Last Course,All_b,Studio MDHR,Studio MDHR,,,,2.00m,,,,,,6/30/2022,6/10/2022,#VALUE!,,0,0,
Stray,PC_b,Annapurna Interactive,Blue Twelve Studio,,,,,,,,,,7/19/2022,6/17/2020,#VALUE!,,0,0,
Nobunaga's Ambition: Shinsei,All_b,Koei Tecmo,Koei Tecmo Games,,,,0.20m,,,,,,7/21/2022,11/4/2022,#VALUE!,,0,0,
Live A Live,NS_b,Nintendo,Square Enix,,,,0.50m,,,,,,7/22/2022,9/2/2022,#VALUE!,,0,0,
Xenoblade Chronicles 3,NS_b,Nintendo,Monolith Soft,9,,,1.86m,,,,,,7/29/2022,2/9/2022,#VALUE!,,0,0,
Digimon Survive,PS4_b,Bandai Namco Entertainment,WitchCraft,,,,,,,,,,7/29/2022,7/31/2022,#VALUE!,,0,0,
Digimon Survive,NS_b,Bandai Namco Entertainment,WitchCraft,,,5,,,,,,,7/29/2022,7/31/2022,#VALUE!,,0,0,
Digimon Survive,XOne_b,Bandai Namco Entertainment,WitchCraft,,,,,,,,,,7/29/2022,7/31/2022,#VALUE!,,0,0,
Digimon Survive,PC_b,Bandai Namco Entertainment,WitchCraft,,,,,,,,,,7/29/2022,7/31/2022,#VALUE!,,0,0,
Digimon Survive,All_b,Bandai Namco Entertainment,Hyde,,,,0.50m,,,,,,7/29/2022,12/2/2022,#VALUE!,,0,0,
Cult of the Lamb,All_b,Devolver Digital,Massive Monster,,,,1.00m,,,,,,8/11/2022,8/18/2022,#VALUE!,,0,0,
Marvel's Spider-Man Remastered,PC_b,PlayStation PC,Insomniac Games,,,,1.50m,,,,,,8/12/2022,5/24/2023,#VALUE!,,0,0,
Rollerdrome,PS5_b,Private Division,Roll7,7.5,,,,,,,,,8/16/2022,8/14/2022,#VALUE!,,0,0,
Rollerdrome,PS4_b,Private Division,Roll7,,,,,,,,,,8/16/2022,8/14/2022,#VALUE!,,0,0,
Rollerdrome,PC_b,Private Division,Roll7,,,,,,,,,,8/16/2022,8/14/2022,#VALUE!,,0,0,
PGA Tour 2K,Series_b,2K Sports,HB Studios,,,,,,,,,,8/21/2022,2/7/2023,#VALUE!,,0,0,
Earth Defense Force 6,All_b,D3 Publisher,Sandlot,,,,0.30m,,,,,,8/25/2022,9/2/2022,#VALUE!,,0,0,
Soul Hackers 2,XS_b,Sega,Atlus,,,,,,,,,,8/26/2022,6/4/2022,#VALUE!,,0,0,
Soul Hackers 2,XOne_b,Sega,Atlus,,,,,,,,,,8/26/2022,6/4/2022,#VALUE!,,0,0,
Soul Hackers 2,PS5_b,Sega,Atlus,7.5,,,,,,,,,8/26/2022,6/4/2022,#VALUE!,,0,0,
Soul Hackers 2,PS4_b,Sega,Atlus,,,,,,,,,,8/26/2022,6/4/2022,#VALUE!,,0,0,
Soul Hackers 2,PC_b,Sega,Atlus,,,,,,,,,,8/26/2022,6/4/2022,#VALUE!,,0,0,
Teenage Mutant Ninja Turtles: The Cowabunga Collection,All_b,Konami,Digital Eclipse,,,,1.00m,,,,,,8/30/2022,4/7/2023,#VALUE!,,0,0,
F1 Manager 2022,All_b,Frontier Developments,Frontier Developments,,,,0.60m,,,,,,8/30/2022,1/10/2023,#VALUE!,,0,0,
Teenage Mutant Ninja Turtles: The Cowabunga Collection,NS_b,Konami,Digital Eclipse,,,,,,,,,,8/30/2022,9/5/2022,#VALUE!,,0,0,
Splatoon 3,NS_b,Nintendo,Nintendo,8.5,,,10.67m,,,,,,9/9/2022,2/17/2021,#VALUE!,,0,0,
Freedom Planet 2,PC_b,GalaxyTrail Games,GalaxyTrail Games,,,,,,,,,,9/13/2022,4/10/2019,#VALUE!,,0,0,
Return to Monkey Island,NS_b,Devolver Digital,Terrible Toybox,,,,,,,,,,9/19/2022,8/24/2022,#VALUE!,,0,0,
Return to Monkey Island,PC_b,Devolver Digital,Terrible Toybox,,,,,,,,,,9/19/2022,8/24/2022,#VALUE!,,0,0,
The Diofield Chronicle,PS4_b,Square Enix,Square Enix,,,,,,,,,,9/20/2022,7/3/2022,#VALUE!,,0,0,
Slime Rancher 2,All_b,Monomi Park,Monomi Park,,,,0.30m,,,,,,9/22/2022,9/23/2022,#VALUE!,,0,0,
The Legend of Heroes: Trails from Zero,PS4_b,NIS America,Nihon Falcom Corporation,,,,,,,,,,9/27/2022,11/7/2022,#VALUE!,,0,0,
The Legend of Heroes: Trails from Zero,PC_b,NIS America,Nihon Falcom Corporation,,,,,,,,,,9/27/2022,6/27/2021,#VALUE!,,0,0,
The Legend of Heroes: Trails from Zero,NS_b,NIS America,Nihon Falcom Corporation,,,,,,,,,,9/27/2022,11/7/2022,#VALUE!,,0,0,
Let's Build a Zoo,PS4_b,No More Robots,Springloaded,,,,,,,,,,9/29/2022,10/3/2022,#VALUE!,,0,0,
Overwatch 2,PS4_b,Blizzard Entertainment,Blizzard Entertainment,,,,,,,,,,10/4/2022,10/12/2022,#VALUE!,,0,0,
NieR: Automata The End of YoRHa Edition,NS_b,Square Enix,PlatinumGames,,,,,,,,,,10/6/2022,6/28/2022,#VALUE!,,0,0,
PGA Tour 2K23,All_b,2K Sports,HB Studios,,,,,,,,,,10/14/2022,9/28/2022,#VALUE!,,0,0,
Persona 5 Royal,NS_b,Sega,Atlus,,,,,,,,,,10/21/2022,11/7/2022,#VALUE!,,0,0,
Persona 5 Royal,XOne_b,Atlus,Atlus,,,,,,,,,,10/21/2022,11/7/2022,#VALUE!,,0,0,
Gotham Knights,XS_b,Warner Bros. Interactive Entertainment,Warner Bros. Interactive Entertainment,,,,,,,,,,10/25/2022,8/22/2020,#VALUE!,,0,0,
Gotham Knights,XOne_b,Warner Bros. Interactive Entertainment,Warner Bros. Interactive Entertainment,,,,,,,,,,10/25/2022,8/22/2020,#VALUE!,,0,0,
Gotham Knights,PS5_b,Warner Bros. Interactive Entertainment,Warner Bros. Interactive Entertainment,,,,,,,,,,10/25/2022,8/22/2020,#VALUE!,,0,0,
Gotham Knights,PS4_b,Warner Bros. Interactive Entertainment,Warner Bros. Interactive Entertainment,,,,,,,,,,10/25/2022,8/22/2020,#VALUE!,,0,0,
Gotham Knights,PC_b,Warner Bros. Interactive Entertainment,Warner Bros. Interactive Entertainment,,,,,,,,,,10/25/2022,8/22/2020,#VALUE!,,0,0,
Victoria 3,PC_b,Paradox Interactive,Paradox Development,,,,0.50m,,,,,,10/25/2022,11/19/2022,#VALUE!,,0,0,
Bayonetta 3,NS_b,Nintendo,PlatinumGames,7.5,,,1.07m,,,,,,10/28/2022,12/31/2017,#VALUE!,,0,0,
Sonic Frontiers,All_b,Sega,Sonic Team,,,,3.50m,,,,,,11/8/2022,12/13/2022,#VALUE!,,0,0,
God of War: RagnarÃƒÂ¶k,All_b,Sony Interactive Entertainment,Sony Computer Entertainment,,,,11.00m,,,,,,11/9/2022,11/23/2022,#VALUE!,,0,0,
God of War: RagnarÃƒÂ¶k,PS5_b,Sony Interactive Entertainment,Sony Computer Entertainment,,,,,,,,,,11/9/2022,11/23/2022,#VALUE!,,0,0,
God of War: RagnarÃƒÂ¶k,PS4_b,Sony Computer Entertainment,Sony Computer Entertainment,7,,,,,,,,,11/9/2022,11/23/2022,#VALUE!,,0,0,
Starfield,PC_b,Bethesda Softworks,Bethesda Game Studios,,,,,,,,,,11/11/2022,6/17/2020,#VALUE!,,0,0,
Starfield,XS_b,Bethesda Softworks,Bethesda Game Studios,,,,,,,,,,11/11/2022,6/17/2020,#VALUE!,,0,0,
Tactics Ogre: Reborn,NS_b,Square Enix,Square Enix,,,,,,,,,,11/11/2022,11/29/2022,#VALUE!,,0,0,
Somerville,XS_b,Jumpship,Jumpship,5,,,,,,,,,11/15/2022,6/13/2021,#VALUE!,,0,0,
Somerville,XOne_b,Jumpship,Jumpship,,,,,,,,,,11/15/2022,6/13/2021,#VALUE!,,0,0,
Somerville,PC_b,Jumpship,Jumpship,,,,,,,,,,11/15/2022,6/13/2021,#VALUE!,,0,0,
PokÃƒÂ©mon Scarlet / Violet,NS_b,Nintendo,Game Freak,7,,,22.66m,,,,,,11/18/2022,5/31/2022,#VALUE!,,0,0,
The Outbound Ghost,NS_b,Merge Games,Digerati,,,,,,,,,,11/25/2022,3/21/2023,#VALUE!,,0,0,
Diablo IV,All_b,Blizzard Entertainment,Blizzard Entertainment,,,,,,,,,,12/1/2022,10/29/2020,#VALUE!,,0,0,
Homeworld 3,PC_b,Gearbox Software,Blackbird Interactive,,,,,,,,,,12/1/2022,11/27/2019,#VALUE!,,0,0,
Chained Echoes,NS_b,DECK13 Interactive GmbH,Matthias Linda,9,,,,,,,,,12/8/2022,10/17/2022,#VALUE!,,0,0,
Witch on the Holy Night,PS4_b,Type-Moon,Type-Moon,,,,,,,,,,12/8/2022,7/5/2023,#VALUE!,,0,0,
Jagged Alliance 3,PC_b,THQ Nordic,Haemimont Games,,,,,,,,,,12/30/2022,9/18/2021,#VALUE!,,0,0,
Fire Emblem Engage,NS_b,Nintendo,Intelligent Systems,8.5,,9,1.61m,,,,,,1/20/2023,9/13/2022,#VALUE!,,0,0,
Risen,NS_b,THQ Nordic,Piranha Bytes,,,,,,,,,,1/24/2023,6/8/2023,#VALUE!,,0,0,
Disgaea 7,All_b,Nippon Ichi Software,Nippon Ichi Software,,,,0.05m,,,,,,1/26/2023,2/10/2023,#VALUE!,,0,0,
PowerWash Simulator,PS5_b,Square Enix,FuturLab,,,,,,,,,,1/31/2023,1/21/2023,#VALUE!,,0,0,
Metroid Prime Remastered,NS_b,Nintendo,Retro Studios,,,,1.09m,,,,,,2/8/2023,2/9/2023,#VALUE!,,0,0,
Hogwarts Legacy,All_b,Warner Bros. Interactive Entertainment,Avalanche Software,,,,15.00m,,,,,,2/10/2023,2/23/2023,#VALUE!,,0,0,
Coven and the Labyrinth of Galleria,PS4_b,NIS America,Nippon Ichi Software,,,,,,,,,,2/14/2023,5/7/2019,#VALUE!,,0,0,
The Legend of Dragoon,PS5_b,Sony Interactive Entertainment,JAPAN Studio / Artoon,,,,,,,,,,2/21/2023,8/23/2023,#VALUE!,,0,0,
Sons of the Forest,PC_b,Newnight,Endnight Games Ltd,,,,2.00m,,,,,,2/23/2023,2/27/2023,#VALUE!,,0,0,
Kirby's Return to Dream Land Deluxe,NS_b,Nintendo,HAL Laboratory,,,,1.46m,,,,,,2/24/2023,9/13/2022,#VALUE!,,0,0,
Octopath Traveler II,All_b,Square Enix,Square Enix,,,,1.00m,,,,,,2/24/2023,6/7/2023,#VALUE!,,0,0,
Octopath Traveler II,NS_b,Square Enix,Square Enix,,,,,,,,,,2/24/2023,9/13/2022,#VALUE!,,0,0,
PARANORMASIGHT: The Seven Mysteries of Honjo,NS_b,Square Enix,Square Enix,,,,,,,,,,3/8/2023,3/22/2023,#VALUE!,,0,0,
Fatal Frame: Mask of the Lunar Eclipse,All_b,Koei Tecmo,Koei Tecmo Games,,,,0.12m,,,,,,3/9/2023,4/28/2023,#VALUE!,,0,0,
The Legend of Heroes: Trails to Azure,PS4_b,NIS America,Nihon Falcom Corporation,,,,,,,,,,3/14/2023,6/27/2021,#VALUE!,,0,0,
The Legend of Heroes: Trails to Azure,NS_b,NIS America,Nihon Falcom Corporation,,,,,,,,,,3/14/2023,6/27/2021,#VALUE!,,0,0,
Resident Evil 4 (2023),All_b,Capcom,Capcom,,,,5.00m,,,,,,3/24/2023,6/2/2022,#VALUE!,,0,0,
Resident Evil 4 (2023),XS_b,Capcom,Capcom,,,,,,,,,,3/24/2023,6/2/2022,#VALUE!,,0,0,
Resident Evil 4 (2023),PS5_b,Capcom,Capcom,,,,,,,,,,3/24/2023,6/2/2022,#VALUE!,,0,0,
Resident Evil 4 (2023),PC_b,Capcom,Capcom,9,,,,,,,,,3/24/2023,6/2/2022,#VALUE!,,0,0,
Resident Evil 4 (2023),PS4_b,Capcom,Capcom,,,,,,,,,,3/24/2023,11/16/2022,#VALUE!,,0,0,
Atelier Ryza 3: Alchemist of the End & the Secret Key,All_b,Koei Tecmo,Gust,,,,0.30m,,,,,,3/24/2023,4/27/2023,#VALUE!,,0,0,
The Last of Us Part I,PC_b,PlayStation PC,Naughty Dog,,,,0.37m,,,,,,3/28/2023,6/10/2022,#VALUE!,,0,0,
Winning Post 10,All_b,Koei Tecmo,Koei Tecmo Games,,,,0.07m,,,,,,3/30/2023,4/28/2023,#VALUE!,,0,0,
Everspace 2,PC_b,Rockfish Games,Rockfish Games,,,,0.30m,,,,,,4/6/2023,4/6/2023,#VALUE!,,0,0,
Dead Island 2,All_b,Deep Silver,Dambuster Studios,,,,2.00m,,,,,,4/21/2023,4/24/2023,#VALUE!,,0,0,
Advance Wars 1+2: Re-Boot Camp,NS_b,Nintendo,Nintendo,8,,,,,,,,,4/21/2023,3/3/2023,#VALUE!,,0,0,
Xenoblade Chronicles 3: Future Redeemed,NS_b,Nintendo,Monolith Soft,9,,,,,,,,,4/25/2023,5/30/2023,#VALUE!,,0,0,
Age of Wonders 4,All_b,Paradox Interactive,Triumph Studios,,,,0.25m,,,,,,5/2/2023,5/10/2023,#VALUE!,,0,0,
Darkest Dungeon 2,PC_b,Red Hook Studios,Red Hook Studios,4,,,0.50m,,,,,,5/8/2023,6/27/2019,#VALUE!,,0,0,
The Legend of Zelda: Tears of the Kingdom,NS_b,Nintendo,Nintendo,9.5,,7.7,18.51m,,,,,,5/12/2023,9/13/2022,#VALUE!,,0,0,
Planet of Lana,PC_b,Thunderful Publishing AB,Wishfully Studios,,,,,,,,,,5/23/2023,6/22/2023,#VALUE!,,0,0,
Street Fighter 6,All_b,Capcom,Capcom,,,,2.00m,,,,,,6/2/2023,6/2/2022,#VALUE!,,0,0,
Diablo IV,PS5_b,Blizzard Entertainment,Blizzard Entertainment,,,,,,,,,,6/5/2023,6/13/2022,#VALUE!,,0,0,
F1 23,PC_b,Electronic Arts,Codemasters,,,,,,,,,,6/13/2023,6/23/2023,#VALUE!,,0,0,
ProtoCorgi,NS_b,Plaion,Kemono Games,7,,,,,,,,,6/15/2023,6/15/2020,#VALUE!,,0,0,
ProtoCorgi,PC_b,Ravenscourt,Kemono Games,,,,,,,,,,6/15/2023,6/15/2020,#VALUE!,,0,0,
Final Fantasy XVI,PS5_b,Square Enix,Square Enix,8,,,3.00m,,,,,,6/22/2023,9/16/2020,#VALUE!,,0,0,
Master Detective Archives: Rain Code,NS_b,Spike Chunsoft,Too Kyo Games,,,,0.30m,,,,,,6/30/2023,8/4/2023,#VALUE!,,0,0,
Pikmin 4,NS_b,Nintendo,Nintendo,7.5,,,,,,,,,7/21/2023,9/13/2022,#VALUE!,,0,0,
Remnant 2,All_b,Gearbox Publishing,Gunfire Games,,,,1.00m,,,,,,7/25/2023,8/2/2023,#VALUE!,,0,0,
Sea of Stars,All_b,Sabotage Studio,Sabotage Studio,,,,0.25m,,,,,,8/29/2023,8/30/2023,#VALUE!,,0,0,
Forza Motorsport,XS_b,Xbox Game Studios,Turn 10 Studios,,,,,,,,,,10/10/2023,7/23/2020,#VALUE!,,0,0,
Forza Motorsport,PC_b,Xbox Game Studios,Turn 10 Studios,,,,,,,,,,10/10/2023,7/23/2020,#VALUE!,,0,0,
Lords of the Fallen (2023),XS_b,CI Games,HEXWORKS,,,,,,,,,,10/13/2023,5/20/2023,#VALUE!,,0,0,
Lords of the Fallen (2023),PS5_b,CI Games,HEXWORKS,,,,,,,,,,10/13/2023,5/20/2023,#VALUE!,,0,0,
Lords of the Fallen (2023),PC_b,CI Games,HEXWORKS,,,,,,,,,,10/13/2023,5/20/2023,#VALUE!,,0,0,
Marvel's Spider-Man 2,PS5_b,Sony Interactive Entertainment,Insomniac Games,,,,,,,,,,10/20/2023,9/13/2021,#VALUE!,,0,0,
Super Mario Bros. Wonder,NS_b,Nintendo,Nintendo,,,,,,,,,,10/20/2023,6/21/2023,#VALUE!,,0,0,
Cities: Skylines II,XS_b,Paradox Interactive,Colossal Order,,,,,,,,,,10/24/2023,6/12/2023,#VALUE!,,0,0,
Cities: Skylines II,PS5_b,Paradox Interactive,Colossal Order,,,,,,,,,,10/24/2023,6/12/2023,#VALUE!,,0,0,
Cities: Skylines II,PC_b,Paradox Interactive,Colossal Order,,,,,,,,,,10/24/2023,6/12/2023,#VALUE!,,0,0,
Call of Duty: Modern Warfare III,XS_b,Activision,Sledgehammer Games,,,,,,,,,,11/10/2023,8/7/2023,#VALUE!,,0,0,
Call of Duty: Modern Warfare III,XOne_b,Activision,Sledgehammer Games,,,,,,,,,,11/10/2023,8/7/2023,#VALUE!,,0,0,
Call of Duty: Modern Warfare III,PS5_b,Activision,Sledgehammer Games,,,,,,,,,,11/10/2023,8/7/2023,#VALUE!,,0,0,
Call of Duty: Modern Warfare III,PS4_b,Activision,Sledgehammer Games,,,,,,,,,,11/10/2023,8/7/2023,#VALUE!,,0,0,
Call of Duty: Modern Warfare III,PC_b,Activision,Sledgehammer Games,,,,,,,,,,11/10/2023,8/7/2023,#VALUE!,,0,0,
Helldivers 2,PS5_b,Sony Interactive Entertainment,Arrowhead Game Studios,,,,,,,,,,2/8/2024,9/15/2023,#VALUE!,,0,0,
