Game,Console,Publisher,Developer,VGChartz Score,Critic Score,User Score,Total Shipped,Total Sales,NA Sales,PAL Sales,Japan Sales,Other Sales,Release Date,Last Update,Stripped Sales,,No errors,Number Conversion,Total
Hunt & Score,2600_b,Atari,Atari,,,,,,,,,,1/1/1980,,#VALUE!,,0,0,102.81
Pele's Championship Soccer,2600_b,Atari,Atari,,,,,,,,,,1/1/1980,,#VALUE!,,0,0,
Skiing,2600_b,Activision,Activision,,,,,,,,,,1/1/1980,,#VALUE!,,0,0,
Fishing Derby,2600_b,Activision,Activision,,,,,0.51m,0.48m,0.03m,,0.01m,1/1/1980,,0.51,,0.51,0.51,
Karate,2600_b,Unknown,Ultravision,,,,,0.47m,0.44m,0.03m,,0.00m,1/1/1980,,0.47,,0.47,0.47,
Dragster,2600_b,Activision,Activision,,,,,0.32m,0.30m,0.02m,,0.00m,1/1/1980,,0.32,,0.32,0.32,
Wizard and the Princess,All_b,Sierra Online,On-Line Systems,,,,0.03m,,,,,,1/1/1980,4/2/2021,#VALUE!,,0,0,
The Warp Factor,All_b,Strategic Simulations,Strategic Simulations,,,,0.01m,,,,,,1/1/1980,4/6/2021,#VALUE!,,0,0,
Challenge,2600_b,Unknown,Funvision,,,,,,,,,,1/1/1980,,#VALUE!,,0,0,
Computer Bismarck,All_b,Strategic Simulations,"Strategic Simulations, Inc.",,,,0.01m,,,,,,2/1/1980,3/24/2021,#VALUE!,,0,0,
Mystery House,PC_b,Sierra Entertainment,On-Line Systems,,,,0.08m,,,,,,5/5/1980,,#VALUE!,,0,0,
Boxing,2600_b,Activision,Activision,,,,,0.77m,0.72m,0.04m,,0.01m,6/17/1980,,0.77,,0.77,0.77,
Checkers,2600_b,Atari,Activision,,,,,0.24m,0.22m,0.01m,,0.00m,7/1/1980,,0.24,,0.24,0.24,
ABPA Backgammon,Int_b,Mattel Electronics,APh Technological Consulting,,,,,,,,,,8/16/1980,1/13/2018,#VALUE!,,0,0,
Las Vegas Poker & Blackjack,Int_b,Mattel Electronics,APh Technological Consulting,,,,2.00m,,,,,,8/25/1980,1/13/2018,#VALUE!,,0,0,
Space Battle,Int_b,Mattel Electronics,APh Technological Consulting,,,,1.00m,,,,,,8/25/1980,1/13/2018,#VALUE!,,0,0,
NBA Basketball,Int_b,Mattel Electronics,APh Technological Consulting,,,,,,,,,,8/25/1980,1/13/2018,#VALUE!,,0,0,
NFL Football,Int_b,Mattel Electronics,APh Technological Consulting,,,,1.00m,,,,,,8/27/1980,1/13/2018,#VALUE!,,0,0,
Major League Baseball,Int_b,Mattel Electronics,APh Technological Consulting,,,,1.00m,,,,,,9/4/1980,1/13/2018,#VALUE!,,0,0,
Armor Battle,Int_b,Mattel Electronics,APh Technological Consulting,,,,,,,,,,9/4/1980,1/13/2018,#VALUE!,,0,0,
NASL Soccer,Int_b,Mattel Electronics,APh Technological Consulting,,,,,,,,,,9/4/1980,1/13/2018,#VALUE!,,0,0,
Checkers,Int_b,Mattel Electronics,APh Technological Consulting,,,,,,,,,,9/17/1980,1/13/2018,#VALUE!,,0,0,
Pac-Man,Arc_b,Midway,Unknown,,,,,,,,,,10/1/1980,,#VALUE!,,0,0,
Auto Racing,Int_b,Mattel Electronics,APh Technological Consulting,,,,,,,,,,10/3/1980,1/13/2018,#VALUE!,,0,0,
Horse Racing,Int_b,Mattel Electronics,APh Technological Consulting,,,,,,,,,,10/3/1980,1/13/2018,#VALUE!,,0,0,
Las Vegas Roulette,Int_b,Mattel Electronics,APh Technological Consulting,,,,,,,,,,10/3/1980,1/13/2018,#VALUE!,,0,0,
NHL Hockey,Int_b,Mattel Electronics,APh Technological Consulting,,,,,,,,,,10/3/1980,12/13/2017,#VALUE!,,0,0,
Sea Battle,Int_b,Mattel Electronics,APh Technological Consulting,,,,,,,,,,10/3/1980,1/13/2018,#VALUE!,,0,0,
The Electric Company Math Fun,Int_b,Mattel Electronics,APh Technological Consulting,,,,,,,,,,10/16/1980,1/13/2018,#VALUE!,,0,0,
PGA Golf,Int_b,Mattel Electronics,APh Technological Consulting,,,,,,,,,,11/5/1980,1/13/2018,#VALUE!,,0,0,
The Electric Company Word Fun,Int_b,Mattel Electronics,APh Technological Consulting,,,,,,,,,,11/5/1980,1/13/2018,#VALUE!,,0,0,
Zork,Series_b,Infocom,"Infocom, Inc.",,,,1.93m,,,,,,12/1/1980,12/28/2020,#VALUE!,,0,0,
Bridge,2600_b,Activision,Activision,,,,,0.27m,0.25m,0.02m,,0.00m,12/1/1980,,0.27,,0.27,0.27,
Tennis,Int_b,Mattel Electronics,Mattel,,,,,,,,,,12/10/1980,1/13/2018,#VALUE!,,0,0,
Asteroids,2600_b,Atari,Atari,,,,,4.31m,4.00m,0.26m,,0.05m,1/1/1981,,4.31,,4.31,4.31,
Missile Command,2600_b,Atari,Atari,,,,2.50m,,,,,,1/1/1981,,#VALUE!,,0,0,
Kaboom!,2600_b,Activision,Activision,,,,,1.15m,1.07m,0.07m,,0.01m,1/1/1981,,1.15,,1.15,1.15,
Defender,2600_b,Atari,Atari,,,,,1.05m,0.99m,0.05m,,0.01m,1/1/1981,,1.05,,1.05,1.05,
Haunted House,2600_b,Atari,Atari,,,,,,,,,,1/1/1981,,#VALUE!,,0,0,
Lochjaw,2600_b,Apollo,Apollo,,,,,,,,,,1/1/1981,,#VALUE!,,0,0,
Racquetball,2600_b,Apollo,Apollo,,,,,,,,,,1/1/1981,,#VALUE!,,0,0,
Skeet Shoot,2600_b,Apollo,Apollo,,,,,,,,,,1/1/1981,,#VALUE!,,0,0,
Space Cavern,2600_b,Apollo,Apollo,,,,,,,,,,1/1/1981,,#VALUE!,,0,0,
Spacechase,2600_b,Apollo,Apollo,,,,,,,,,,1/1/1981,,#VALUE!,,0,0,
Stampede,2600_b,Activision,Activision,,,,,,,,,,1/1/1981,,#VALUE!,,0,0,
Steeplechase,2600_b,Sears,Sears,,,,,,,,,,1/1/1981,,#VALUE!,,0,0,
Stellar Track,2600_b,Sears,Sears,,,,,,,,,,1/1/1981,,#VALUE!,,0,0,
Strategy X,2600_b,Konami,Konami,,,,,,,,,,1/1/1981,,#VALUE!,,0,0,
Tennis,2600_b,Activision,Activision,,,,,,,,,,1/1/1981,,#VALUE!,,0,0,
The Wizard's Castle,PC_b,Unknown,International PC Owners,,,,,,,,,,1/1/1981,,#VALUE!,,0,0,
Video Pinball,2600_b,Atari,Atari,,,,,,,,,,1/1/1981,,#VALUE!,,0,0,
Warlords,2600_b,Atari,Atari,,,,,,,,,,1/1/1981,,#VALUE!,,0,0,
Wizard of Wor,5200_b,CBS Electronics,Bally/Midway,,,,,,,,,,1/1/1981,,#VALUE!,,0,0,
Ice Hockey,2600_b,Activision,Activision,,,,,0.49m,0.46m,0.03m,,0.01m,1/1/1981,,0.49,,0.49,0.49,
Freeway,2600_b,Activision,Activision,,,,,0.34m,0.32m,0.02m,,0.00m,1/1/1981,,0.34,,0.34,0.34,
Zork II: The Wizard of Frobozz,PC_b,Infocom,Infocom,,,,0.18m,,,,,,1/1/1981,,#VALUE!,,0,0,
Ultima I: The First Age of Darkness,PC_b,California Pacific,"Origin Systems, Inc.",,,,0.05m,,,,,,1/1/1981,,#VALUE!,,0,0,
Computer Baseball,All_b,Strategic Simulations,Strategic Simulations,,,,0.05m,,,,,,1/1/1981,3/24/2021,#VALUE!,,0,0,
Raster Blaster,All_b,BudgeCo,Bill Budge,,,,0.03m,,,,,,1/1/1981,4/6/2021,#VALUE!,,0,0,
Threshold,All_b,Sierra Entertainment,On-Line Systems,,,,0.03m,,,,,,1/1/1981,4/5/2022,#VALUE!,,0,0,
Apple Panic,All_b,Broderbund,Ben Serki,,,,0.02m,,,,,,1/1/1981,4/6/2021,#VALUE!,,0,0,
Pool 1.5,All_b,Innovative Design Software,Innovative Design Software,,,,0.02m,,,,,,1/1/1981,4/6/2021,#VALUE!,,0,0,
Adventure,PC_b,Microsoft,"Atari, Inc.",,,,,,,,,,1/1/1981,,#VALUE!,,0,0,
B-1 Nuclear Bomber,PC_b,Unknown,Microcomputer Games,,,,,,,,,,1/1/1981,,#VALUE!,,0,0,
Donkey (DONKEY.BAS),PC_b,IBM,Bill Gates,,,,,,,,,,1/1/1981,10/10/2018,#VALUE!,,0,0,
Laser Blast,2600_b,Activision,Activision,,,,,0.39m,0.37m,0.02m,,0.00m,3/1/1981,,0.39,,0.39,0.39,
Sneakers,ApII_b,Sirius Software,Sirius Software,,,,0.01m,,,,,,7/1/1981,4/5/2022,#VALUE!,,0,0,
Donkey Kong,CV_b,Coleco,Nintendo,,,,,,,,,,7/9/1981,9/18/2020,#VALUE!,,0,0,
Donkey Kong,Series_b,Nintendo,Nintendo,,,,65.00m,,,,,,7/31/1981,2/21/2020,#VALUE!,,0,0,
PBA Bowling,Int_b,Mattel Electronics,Mattel,,,,,,,,,,7/31/1981,1/13/2018,#VALUE!,,0,0,
Wolfenstein,Series_b,Bethesda Softworks,Muse Software,,,,5.27m,,,,,,9/1/1981,4/8/2021,#VALUE!,,0,0,
Wizardry,Series_b,Sirtech,Sir-Tech,,,,4.60m,,,,,,9/1/1981,4/6/2021,#VALUE!,,0,0,
Wizardry: Proving Grounds of the Mad Overlord,All_b,Sirtech,Sir-Tech,,,,0.20m,,,,,,9/1/1981,4/6/2021,#VALUE!,,0,0,
Castle Wolfenstein,All_b,Muse Software,Muse Software,,,,0.05m,,,,,,9/1/1981,4/6/2021,#VALUE!,,0,0,
Astrosmash,Int_b,Mattel Electronics,Mattel,,,,2.00m,,,,,,10/15/1981,1/13/2018,#VALUE!,,0,0,
Space Armada,Int_b,Mattel Electronics,Mattel,,,,1.00m,,,,,,10/15/1981,1/13/2018,#VALUE!,,0,0,
Snafu,Int_b,Mattel Electronics,Mattel,,,,,,,,,,10/15/1981,1/13/2018,#VALUE!,,0,0,
Stargate,Arc_b,"Williams Electronic Games, Inc.",Unknown,,,,,,,,,,10/21/1981,,#VALUE!,,0,0,
Boxing,Int_b,Mattel Electronics,Mattel,,,,,,,,,,10/21/1981,1/13/2018,#VALUE!,,0,0,
Frogger,Series_b,Konami,Konami,,,,20.00m,,,,,,10/23/1981,2/26/2020,#VALUE!,,0,0,
Rear Guard,All_b,Adventure International,Adventure International,,,,0.00m,,,,,,12/1/1981,4/6/2021,#VALUE!,,0,0,
Chess,PC_b,Unknown,International PC Owners,,,,,,,,,,12/1/1981,,#VALUE!,,0,0,
Star Strike,Int_b,Mattel Electronics,APh Technological Consulting,,,,0.80m,,,,,,12/22/1981,1/13/2018,#VALUE!,,0,0,
Spider-Man,Series_b,Parker Brothers,Parker Brothers,,,,42.50m,,,,,,1/1/1982,3/12/2020,#VALUE!,,0,0,
Alien,Series_b,Fox Interactive,Fox Video Games,,,,5.36m,,,,,,1/1/1982,6/26/2023,#VALUE!,,0,0,
Frogger,2600_b,Parker Bros.,Konami,,,,4.00m,,,,,,1/1/1982,,#VALUE!,,0,0,
Demon Attack,2600_b,Imagic,Imagic,,,,,2.13m,1.99m,0.12m,,0.02m,1/1/1982,,2.13,,2.13,2.13,
E.T.: The Extra Terrestrial,2600_b,Atari,Atari,,,,,1.97m,1.84m,0.11m,,0.02m,1/1/1982,,1.97,,1.97,1.97,
Ms. Pac-Man,2600_b,Atari,General Entertainment,,,,,1.65m,1.54m,0.10m,,0.02m,1/1/1982,,1.65,,1.65,1.65,
River Raid,2600_b,Activision,Activision,,,,,1.60m,1.49m,0.09m,,0.02m,1/1/1982,,1.60,,1.60,1.6,
Donkey Kong,2600_b,Coleco,Nintendo,,,,,1.46m,1.36m,0.08m,,0.02m,1/1/1982,,1.46,,1.46,1.46,
Centipede,2600_b,Atari,Atari,,,,,1.36m,1.26m,0.08m,,0.01m,1/1/1982,,1.36,,1.36,1.36,
Atlantis,2600_b,Imagic,Imagic,,,,,1.27m,1.18m,0.08m,,0.01m,1/1/1982,,1.27,,1.27,1.27,
Megamania,2600_b,Activision,Activision,,,,,1.10m,1.03m,0.06m,,0.01m,1/1/1982,,1.10,,1.10,1.1,
Cosmic Ark,2600_b,Imagic,Imagic,,,,,1.05m,0.99m,0.05m,,0.01m,1/1/1982,,1.05,,1.05,1.05,
Spider-Man,2600_b,Parker Bros.,Parker Bros.,,,,,0.93m,0.87m,0.05m,,0.01m,1/1/1982,,0.93,,0.93,0.93,
Custer's Revenge,2600_b,Mystique,Mystique,,,,,0.82m,0.76m,0.05m,,0.01m,1/1/1982,,0.82,,0.82,0.82,
Alien,2600_b,20th Century Fox Video Games,20th Century Fox Video Games,,,,,0.79m,0.74m,0.04m,,0.01m,1/1/1982,,0.79,,0.79,0.79,
Air Raid,2600_b,Men-A-Vision,Men-A-Vision,,,,,0.77m,0.72m,0.04m,,0.01m,1/1/1982,,0.77,,0.77,0.77,
Berzerk,2600_b,Atari,Stern Electronics,,,,,0.73m,0.68m,0.04m,,0.01m,1/1/1982,,0.73,,0.73,0.73,
King Kong,2600_b,Tigervision,Tigervision,,,,,0.69m,0.65m,0.04m,,0.01m,1/1/1982,,0.69,,0.69,0.69,
Adventures of Tron,2600_b,Mattel Interactive,Mattel,,,,,0.67m,0.63m,0.03m,,0.01m,1/1/1982,,0.67,,0.67,0.67,
Galaxian,5200_b,Atari,Atari,,,,,,,,,,1/1/1982,,#VALUE!,,0,0,
Gopher,2600_b,US Games,US Games,,,,,,,,,,1/1/1982,,#VALUE!,,0,0,
Gorf,2600_b,CBS Electronics,CBS Electronics,,,,,,,,,,1/1/1982,,#VALUE!,,0,0,
Guardian,2600_b,Apollo,Apollo,,,,,,,,,,1/1/1982,,#VALUE!,,0,0,
Infiltrate,2600_b,Apollo,Apollo,,,,,,,,,,1/1/1982,,#VALUE!,,0,0,
Journey Escape,2600_b,Data Age,Data Age,,,,,,,,,,1/1/1982,,#VALUE!,,0,0,
Jungle Fever/Knight on the Town,2600_b,Playaround,Playaround,,,,,,,,,,1/1/1982,,#VALUE!,,0,0,
Lock 'N' Chase,2600_b,Mattel Interactive,Mattel,,,,,,,,,,1/1/1982,,#VALUE!,,0,0,
Lost Luggage,2600_b,Apollo,Apollo,,,,,,,,,,1/1/1982,,#VALUE!,,0,0,
MAD,2600_b,US Games,US Games,,,,,,,,,,1/1/1982,,#VALUE!,,0,0,
MagiCard,2600_b,"CommaVid, Inc.","CommaVid, Inc.",,,,,,,,,,1/1/1982,,#VALUE!,,0,0,
Marauder,2600_b,Tigervision,Tigervision,,,,,,,,,,1/1/1982,,#VALUE!,,0,0,
Math Gran Prix,2600_b,Atari,Atari,,,,,,,,,,1/1/1982,,#VALUE!,,0,0,
Megaforce,2600_b,20th Century Fox Video Games,20th Century Fox Video Games,,,,,,,,,,1/1/1982,,#VALUE!,,0,0,
Mines of Minos,2600_b,"CommaVid, Inc.","CommaVid, Inc.",,,,,,,,,,1/1/1982,,#VALUE!,,0,0,
Missile Command,5200_b,Atari,Atari,,,,,,,,,,1/1/1982,,#VALUE!,,0,0,
Mogul Maniac,2600_b,Unknown,Amiga,,,,,,,,,,1/1/1982,,#VALUE!,,0,0,
Octopus,2600_b,Unknown,Carrere Video,,,,,,,,,,1/1/1982,,#VALUE!,,0,0,
Pac-Man,5200_b,Atari,Atari,,,,,,,,,,1/1/1982,,#VALUE!,,0,0,
Phaser Patrol,2600_b,Unknown,Arcadia,,,,,,,,,,1/1/1982,,#VALUE!,,0,0,
Picnic,2600_b,US Games,US Games,,,,,,,,,,1/1/1982,,#VALUE!,,0,0,
Piece O'Cake,2600_b,US Games,US Games,,,,,,,,,,1/1/1982,,#VALUE!,,0,0,
Pooyan,2600_b,Konami,Konami,,,,,,,,,,1/1/1982,,#VALUE!,,0,0,
Qix,5200_b,Atari,Atari,,,,,,,,,,1/1/1982,,#VALUE!,,0,0,
Raft Rider,2600_b,US Games,US Games,,,,,,,,,,1/1/1982,,#VALUE!,,0,0,
Ram It,2600_b,Unknown,Telesys,,,,,,,,,,1/1/1982,,#VALUE!,,0,0,
Rescue Terra I,2600_b,Unknown,Venture Vision,,,,,,,,,,1/1/1982,,#VALUE!,,0,0,
Riddle of The Sphinx,2600_b,Imagic,Imagic,,,,,,,,,,1/1/1982,,#VALUE!,,0,0,
Robot Commando Raid,2600_b,Vidtec,Vidtec,,,,,,,,,,1/1/1982,,#VALUE!,,0,0,
Room of Doom,2600_b,"CommaVid, Inc.","CommaVid, Inc.",,,,,,,,,,1/1/1982,,#VALUE!,,0,0,
Sea Hawk,2600_b,Unknown,Froggo,,,,,,,,,,1/1/1982,,#VALUE!,,0,0,
Shootin' Gallery,2600_b,Imagic,Imagic,,,,,,,,,,1/1/1982,,#VALUE!,,0,0,
Sky Jinks,2600_b,Activision,Activision,,,,,,,,,,1/1/1982,,#VALUE!,,0,0,
Sneak 'N Peek,2600_b,Vidtec,US Games,,,,,,,,,,1/1/1982,,#VALUE!,,0,0,
Space Attack,2600_b,Mattel Interactive,Mattel,,,,,,,,,,1/1/1982,,#VALUE!,,0,0,
Space Canyon,2600_b,Apollo,Apollo,,,,,,,,,,1/1/1982,,#VALUE!,,0,0,
Space Invaders,5200_b,Atari,Atari,,,,,,,,,,1/1/1982,,#VALUE!,,0,0,
Space Jockey,2600_b,US Games,US Games,,,,,,,,,,1/1/1982,,#VALUE!,,0,0,
Springer,2600_b,Tigervision,Tigervision,,,,,,,,,,1/1/1982,,#VALUE!,,0,0,
Squeeze Box,2600_b,US Games,US Games,,,,,,,,,,1/1/1982,,#VALUE!,,0,0,
Sssnake,2600_b,Data Age,Data Age,,,,,,,,,,1/1/1982,,#VALUE!,,0,0,
Star Raiders,2600_b,Atari,Atari,,,,,,,,,,1/1/1982,,#VALUE!,,0,0,
Star Raiders,5200_b,Atari,Atari,,,,,,,,,,1/1/1982,,#VALUE!,,0,0,
Star Strike,2600_b,Mattel Interactive,Mattel Interactive,,,,,,,,,,1/1/1982,,#VALUE!,,0,0,
Star Voyager,2600_b,I.Magic,Imagic,,,,,,,,,,1/1/1982,,#VALUE!,,0,0,
Stargunner,2600_b,Unknown,Telesys,,,,,,,,,,1/1/1982,,#VALUE!,,0,0,
Sub Scan,2600_b,Sega,Sega,,,,,,,,,,1/1/1982,,#VALUE!,,0,0,
Submarine Commander,2600_b,Sears,Sears,,,,,,,,,,1/1/1982,,#VALUE!,,0,0,
Super Breakout,5200_b,Atari,Atari,,,,,,,,,,1/1/1982,,#VALUE!,,0,0,
Super Challenge Baseball,2600_b,Mattel Interactive,Mattel,,,,,,,,,,1/1/1982,,#VALUE!,,0,0,
Super Challenge Football,2600_b,Mattel Interactive,Mattel,,,,,,,,,,1/1/1982,,#VALUE!,,0,0,
Swordquest: EarthWorld,2600_b,Atari,Atari,,,,,,,,,,1/1/1982,,#VALUE!,,0,0,
Swordquest: FireWorld,2600_b,Atari,Atari,,,,,,,,,,1/1/1982,,#VALUE!,,0,0,
Tac-Scan,2600_b,Sega,Sega,,,,,,,,,,1/1/1982,,#VALUE!,,0,0,
Tanks But No Tanks,2600_b,Unknown,Zimag,,,,,,,,,,1/1/1982,,#VALUE!,,0,0,
Tape Worm,2600_b,Spectravision,Spectravision,,,,,,,,,,1/1/1982,,#VALUE!,,0,0,
Tax Avoiders,2600_b,Unknown,Dunhill Electronics,,,,,,,,,,1/1/1982,,#VALUE!,,0,0,
The Challenge of... Nexar,2600_b,Spectravision,Spectravision,,,,,,,,,,1/1/1982,,#VALUE!,,0,0,
Threshold,2600_b,Tigervision,Tigervision,,,,,,,,,,1/1/1982,,#VALUE!,,0,0,
Towering Inferno,2600_b,US Games,US Games,,,,,,,,,,1/1/1982,,#VALUE!,,0,0,
Trick Shot,2600_b,Imagic,Imagic,,,,,,,,,,1/1/1982,,#VALUE!,,0,0,
Tron Deadly Discs,2600_b,Mattel Interactive,Mattel Interactive,,,,,,,,,,1/1/1982,,#VALUE!,,0,0,
Turmoil,2600_b,20th Century Fox Video Games,20th Century Fox Video Games,,,,,,,,,,1/1/1982,,#VALUE!,,0,0,
Tutankham,2600_b,Stern,Parker Bros,,,,,,,,,,1/1/1982,,#VALUE!,,0,0,
Vanguard,2600_b,Atari,Atari,,,,,,,,,,1/1/1982,,#VALUE!,,0,0,
Venture,2600_b,Coleco,Coleco,,,,,,,,,,1/1/1982,,#VALUE!,,0,0,
Video Life,2600_b,"CommaVid, Inc.","CommaVid, Inc.",,,,,,,,,,1/1/1982,,#VALUE!,,0,0,
Wabbit,2600_b,Apollo,Apollo,,,,,,,,,,1/1/1982,,#VALUE!,,0,0,
Warplock,2600_b,Data Age,Data Age,,,,,,,,,,1/1/1982,,#VALUE!,,0,0,
Wizard of Wor,2600_b,CBS Electronics,CBS Electronics,,,,,,,,,,1/1/1982,,#VALUE!,,0,0,
Word Zapper,2600_b,Vidtec,Vidtec,,,,,,,,,,1/1/1982,,#VALUE!,,0,0,
Worm War I,2600_b,20th Century Fox Video Games,Sirius (Japan),,,,,,,,,,1/1/1982,,#VALUE!,,0,0,
Zaxxon,2600_b,Coleco,Coleco,,,,,,,,,,1/1/1982,,#VALUE!,,0,0,
BurgerTime,2600_b,Mattel Interactive,Mattel,,,,,0.59m,0.55m,0.03m,,0.01m,1/1/1982,,0.59,,0.59,0.59,
Smurf: Rescue In Gargamel's Castle,2600_b,Coleco,Coleco,,,,,0.59m,0.55m,0.03m,,0.01m,1/1/1982,,0.59,,0.59,0.59,
Atlantis,Int_b,Imagic,Imagic,,,,,,,,,,1/1/1982,1/13/2018,#VALUE!,,0,0,
Beauty & the Beast,Int_b,Imagic,Imagic,,,,,,,,,,1/1/1982,1/13/2018,#VALUE!,,0,0,
Carnival,Int_b,Coleco,Coleco,,,,,,,,,,1/1/1982,1/13/2018,#VALUE!,,0,0,
Demon Attack,Int_b,Imagic,Imagic,,,,,,,,,,1/1/1982,1/13/2018,#VALUE!,,0,0,
Donkey Kong,Int_b,Coleco,Coleco,,,,,,,,,,1/1/1982,1/13/2018,#VALUE!,,0,0,
Dragonfire,Int_b,Imagic,Imagic,,,,,,,,,,1/1/1982,1/13/2018,#VALUE!,,0,0,
Microsurgeon,Int_b,Imagic,Imagic,,,,,,,,,,1/1/1982,1/13/2018,#VALUE!,,0,0,
Mouse Trap,Int_b,Coleco,Coleco,,,,,,,,,,1/1/1982,1/13/2018,#VALUE!,,0,0,
Pitfall!,Int_b,Activision,Activision,,,,,,,,,,1/1/1982,1/13/2018,#VALUE!,,0,0,
Royal Dealer,Int_b,Mattel Electronics,APh Technological Consulting,,,,,,,,,,1/1/1982,1/13/2018,#VALUE!,,0,0,
Stampede,Int_b,Activision,Activision,,,,,,,,,,1/1/1982,1/13/2018,#VALUE!,,0,0,
Swords & Serpents,Int_b,Imagic,Imagic,,,,,,,,,,1/1/1982,1/13/2018,#VALUE!,,0,0,
Raiders of the Lost Ark,2600_b,Atari,Atari,,,,,0.50m,0.46m,0.03m,,0.01m,1/1/1982,,0.50,,0.50,0.5,
Grand Prix,2600_b,Activision,Activision,,,,,0.48m,0.45m,0.03m,,0.00m,1/1/1982,,0.48,,0.48,0.48,
Phoenix,2600_b,Atari,Centuri,,,,,0.45m,0.42m,0.02m,,0.00m,1/1/1982,,0.45,,0.45,0.45,
Jawbreaker,2600_b,Tigervision,Tigervision,,,,,0.45m,0.42m,0.03m,,0.00m,1/1/1982,,0.45,,0.45,0.45,
Barnstorming,2600_b,Activision,Activision,,,,,0.43m,0.40m,0.02m,,0.00m,1/1/1982,,0.43,,0.43,0.43,
Mouse Trap,2600_b,Coleco,Coleco,,,,,0.40m,0.38m,0.02m,,0.00m,1/1/1982,,0.40,,0.40,0.4,
Airlock,2600_b,Data Age,Data Age,,,,,0.39m,0.36m,0.02m,,0.00m,1/1/1982,,0.39,,0.39,0.39,
Dragonfire,2600_b,Imagic,Imagic,,,,,0.37m,0.35m,0.02m,,0.00m,1/1/1982,,0.37,,0.37,0.37,
Frogs And Flies,2600_b,Mattel Interactive,Mattel,,,,,0.36m,0.33m,0.02m,,0.00m,1/1/1982,,0.36,,0.36,0.36,
Fantastic Voyage,2600_b,20th Century Fox Video Games,20th Century Fox Video Games,,,,,0.34m,0.32m,0.02m,,0.00m,1/1/1982,,0.34,,0.34,0.34,
Carnival,2600_b,Coleco,Coleco,,,,,0.34m,0.32m,0.02m,,0.00m,1/1/1982,,0.34,,0.34,0.34,
Fireball,2600_b,Unknown,Starpath Corp.,,,,,0.33m,0.30m,0.02m,,0.00m,1/1/1982,,0.33,,0.33,0.33,
Astroblast,2600_b,Mattel Interactive,Mattel,,,,,0.31m,0.29m,0.02m,,0.00m,1/1/1982,,0.31,,0.31,0.31,
Fast Food,2600_b,Unknown,Telesys,,,,,0.29m,0.27m,0.02m,,0.00m,1/1/1982,,0.29,,0.29,0.29,
RealSports Football,2600_b,Atari,Atari,,,,,0.26m,0.24m,0.01m,,0.00m,1/1/1982,,0.26,,0.26,0.26,
Evolution,All_b,Sydney Development Corporation,Distinctive Software,,,,0.25m,,,,,,1/1/1982,4/23/2022,#VALUE!,,0,0,
Front Line,2600_b,Taito,Coleco,,,,,0.24m,0.22m,0.01m,,0.00m,1/1/1982,,0.24,,0.24,0.24,
Dark Cavern,2600_b,Mattel Interactive,Mattel,,,,,0.24m,0.22m,0.01m,,0.00m,1/1/1982,,0.24,,0.24,0.24,
Deadly Duck,2600_b,20th Century Fox Video Games,20th Century Fox Video Games,,,,,0.22m,0.21m,0.01m,,0.00m,1/1/1982,,0.22,,0.22,0.22,
Reactor,2600_b,Parker Bros.,Parker Bros.,,,,,0.22m,0.21m,0.01m,,0.00m,1/1/1982,,0.22,,0.22,0.22,
Crazy Climber,2600_b,Atari,Atari,,,,,0.22m,0.21m,0.01m,,0.00m,1/1/1982,,0.22,,0.22,0.22,
RealSports Baseball,2600_b,Atari,Atari,,,,,0.21m,0.20m,0.01m,,0.00m,1/1/1982,,0.21,,0.21,0.21,
International Soccer,2600_b,Mattel Interactive,Mattel,,,,,0.19m,0.18m,0.01m,,0.00m,1/1/1982,,0.19,,0.19,0.19,
Armor Ambush,2600_b,Mattel Interactive,Mattel,,,,,0.17m,0.15m,0.01m,,0.00m,1/1/1982,,0.17,,0.17,0.17,
Deadline,PC_b,Infocom,"Infocom, Inc.",,,,0.14m,,,,,,1/1/1982,,#VALUE!,,0,0,
RealSports Volleyball,2600_b,Atari,Atari,,,,,0.13m,0.12m,0.01m,,0.00m,1/1/1982,,0.13,,0.13,0.13,
Ultima II: Revenge of the Enchantress,PC_b,Sierra Online,"Sierra On-Line, Inc.",,,,0.10m,,,,,,1/1/1982,,#VALUE!,,0,0,
Starcross,PC_b,Infocom,"Infocom, Inc.",,,,0.09m,,,,,,1/1/1982,,#VALUE!,,0,0,
Shamus,All_b,Atarisoft,Synapse Software,,,,0.06m,,,,,,1/1/1982,6/24/2023,#VALUE!,,0,0,
Canyon Climber,All_b,Tandy Corporation,Steve Bjork,,,,0.01m,,,,,,1/1/1982,4/6/2021,#VALUE!,,0,0,
Horizon V,All_b,Gebelli Software,Gebelli Software,,,,0.01m,,,,,,1/1/1982,4/6/2021,#VALUE!,,0,0,
Adventure in Serenia,PC_b,IBM,On-Line Systems,,,,,,,,,,1/1/1982,,#VALUE!,,0,0,
Air Raiders,2600_b,Mattel Interactive,Mattel,,,,,,,,,,1/1/1982,,#VALUE!,,0,0,
Amidar,2600_b,Parker Bros.,Konami,,,,,,,,,,1/1/1982,,#VALUE!,,0,0,
Andromeda Conquest,PC_b,Wizards of the Coast,Avalon Hill,,,,,,,,,,1/1/1982,,#VALUE!,,0,0,
Anteater,2600_b,Stern,Stern,,,,,,,,,,1/1/1982,,#VALUE!,,0,0,
Bachelor Party,2600_b,Mystique,Mystique,,,,,,,,,,1/1/1982,,#VALUE!,,0,0,
Bachelorette Party/Burning Desire,2600_b,Playaround,Playaround,,,,,,,,,,1/1/1982,,#VALUE!,,0,0,
Beany Bopper,2600_b,20th Century Fox Video Games,Sirius Software,,,,,,,,,,1/1/1982,,#VALUE!,,0,0,
Beat 'Em & Eat 'Em,2600_b,Mystique,Mystique,,,,,,,,,,1/1/1982,,#VALUE!,,0,0,
Bermuda Triangle,2600_b,Data Age,Data Age,,,,,,,,,,1/1/1982,,#VALUE!,,0,0,
Bugs,2600_b,Data Age,Data Age,,,,,,,,,,1/1/1982,,#VALUE!,,0,0,
Bumble Plot,PC_b,IBM,The Learning Co.,,,,,,,,,,1/1/1982,,#VALUE!,,0,0,
C.I.A. Adventure,PC_b,Unknown,International PC Owners,,,,,,,,,,1/1/1982,,#VALUE!,,0,0,
Call to Arms,PC_b,Unknown,"Sirius Software, Inc.",,,,,,,,,,1/1/1982,,#VALUE!,,0,0,
Car Builder,PC_b,Unknown,"Optimum Resource, Inc.",,,,,,,,,,1/1/1982,,#VALUE!,,0,0,
Centipede,5200_b,Atari,Atari,,,,,,,,,,1/1/1982,,#VALUE!,,0,0,
China Syndrome,2600_b,Spectravision,Spectravision,,,,,,,,,,1/1/1982,,#VALUE!,,0,0,
Coconuts,2600_b,Unknown,Telesys,,,,,,,,,,1/1/1982,,#VALUE!,,0,0,
Commando Raid,2600_b,US Games,US Games,,,,,,,,,,1/1/1982,,#VALUE!,,0,0,
Communist Mutants From Space,2600_b,Arcadia Corporation,Arcadia Corporation,,,,,,,,,,1/1/1982,,#VALUE!,,0,0,
Cosmic Creeps,2600_b,Unknown,Telesys,,,,,,,,,,1/1/1982,,#VALUE!,,0,0,
Cosmic Swarm,2600_b,"CommaVid, Inc.","CommaVid, Inc.",,,,,,,,,,1/1/1982,,#VALUE!,,0,0,
Crash Dive,2600_b,20th Century Fox Video Games,20th Century Fox Video Games,,,,,,,,,,1/1/1982,,#VALUE!,,0,0,
Cross Force,2600_b,Spectravision,Spectravision,,,,,,,,,,1/1/1982,,#VALUE!,,0,0,
Cruise Missile,2600_b,Unknown,Froggo,,,,,,,,,,1/1/1982,,#VALUE!,,0,0,
Crypts of Chaos,2600_b,20th Century Fox Video Games,20th Century Fox Video Games,,,,,,,,,,1/1/1982,,#VALUE!,,0,0,
Demons To Diamonds,2600_b,Atari,Atari,,,,,,,,,,1/1/1982,,#VALUE!,,0,0,
Dragonstomper,2600_b,Unknown,Starpath Corp.,,,,,,,,,,1/1/1982,,#VALUE!,,0,0,
Eggomania,2600_b,US Games,US Games,,,,,,,,,,1/1/1982,,#VALUE!,,0,0,
Eli's Ladder,2600_b,Unknown,Simage,,,,,,,,,,1/1/1982,,#VALUE!,,0,0,
Encounter At L-5,2600_b,Data Age,Data Age,,,,,,,,,,1/1/1982,,#VALUE!,,0,0,
Entombed,2600_b,US Games,US Games,,,,,,,,,,1/1/1982,,#VALUE!,,0,0,
Escape From The Mindmaster,2600_b,Unknown,Starpath Corp.,,,,,,,,,,1/1/1982,,#VALUE!,,0,0,
Fast Eddie,2600_b,20th Century Fox Video Games,Sirius Software,,,,,,,,,,1/1/1982,,#VALUE!,,0,0,
Final Approach,2600_b,Apollo,Apollo,,,,,,,,,,1/1/1982,,#VALUE!,,0,0,
Fire Fighter,2600_b,Imagic,Imagic,,,,,,,,,,1/1/1982,,#VALUE!,,0,0,
Pac-Man,2600_b,Atari,Atari,,,,7.70m,,,,,,3/1/1982,,#VALUE!,,0,0,
Space Hawk,Int_b,Mattel Electronics,Mattel,,,,,,,,,,4/19/1982,1/13/2018,#VALUE!,,0,0,
Pitfall,Series_b,Activision,Activision,,,,10.00m,,,,,,4/20/1982,2/16/2020,#VALUE!,,0,0,
Pitfall!,2600_b,Activision,Activision,,,,4.00m,,,,,,4/20/1982,,#VALUE!,,0,0,
Yars' Revenge,2600_b,Atari,Atari,,,,,0.78m,0.73m,0.04m,,0.01m,5/1/1982,,0.78,,0.78,0.78,
Sub Hunt,Int_b,Mattel Electronics,APh Technological Consulting,,,,,,,,,,5/6/1982,1/13/2018,#VALUE!,,0,0,
Reversi,Int_b,Mattel Electronics,APh Technological Consulting,,,,,,,,,,5/11/1982,1/13/2018,#VALUE!,,0,0,
Night Stalker,Int_b,Mattel Electronics,Mattel,,,,,,,,,,5/16/1982,1/13/2018,#VALUE!,,0,0,
Choplifter,All_b,Broderbund,Dan Gorlin,,,,0.10m,,,,,,5/21/1982,4/6/2021,#VALUE!,,0,0,
Star Wars: The Empire Strikes Back,2600_b,Parker Bros.,Parker Bros,,,,,,,,,,5/22/1982,,#VALUE!,,0,0,
Frog Bog,Int_b,Mattel Electronics,Mattel,,,,,,,,,,5/25/1982,1/13/2018,#VALUE!,,0,0,
Chopper Command,2600_b,Activision,Activision,,,,,0.50m,0.47m,0.03m,,0.01m,6/15/1982,,0.50,,0.50,0.5,
Starmaster,2600_b,Activision,Activision,,,,,,,,,,6/23/1982,,#VALUE!,,0,0,
Space Spartans,Int_b,Mattel Electronics,Mattel,,,,,,,,,,6/29/1982,1/13/2018,#VALUE!,,0,0,
Lock 'N' Chase,Int_b,Mattel Electronics,Mattel,,,,,,,,,,7/9/1982,1/13/2018,#VALUE!,,0,0,
B-17 Bomber,Int_b,Mattel Electronics,Mattel,,,,,,,,,,7/23/1982,1/13/2018,#VALUE!,,0,0,
Advanced Dungeons & Dragons,Int_b,Mattel Electronics,APh Technological Consulting,,,,0.70m,,,,,,8/16/1982,1/13/2018,#VALUE!,,0,0,
Zork III: The Dungeon Master,PC_b,Infocom,Infocom,,,,0.13m,,,,,,8/18/1982,,#VALUE!,,0,0,
Cosmic Avenger,CV_b,Coleco,Universal,,,,,,,,,,9/7/1982,10/18/2021,#VALUE!,,0,0,
Smurf: Rescue in Gargamel's Castle,CV_b,Coleco,Coleco,,,,,,,,,,9/7/1982,9/18/2020,#VALUE!,,0,0,
Bomb Squad,Int_b,Mattel Electronics,Mattel,,,,,,,,,,9/14/1982,1/13/2018,#VALUE!,,0,0,
Carnival,CV_b,Coleco,Gremlin Industries,,,,,,,,,,10/5/1982,12/5/2020,#VALUE!,,0,0,
Ken Uston BlackJack/Poker,CV_b,Coleco,Coleco,,,,,,,,,,10/5/1982,10/18/2021,#VALUE!,,0,0,
Lady Bug,CV_b,Coleco,Universal,,,,,,,,,,10/5/1982,10/18/2021,#VALUE!,,0,0,
Zaxxon,CV_b,Coleco,Sega,,,,,,,,,,10/5/1982,10/18/2021,#VALUE!,,0,0,
Sharp Shot,Int_b,Mattel Electronics,APh Technological Consulting,,,,,,,,,,10/28/1982,1/13/2018,#VALUE!,,0,0,
Microsoft Flight Simulator,Series_b,Microsoft,Sublogic,,,,22.20m,,,,,,11/1/1982,10/6/2022,#VALUE!,,0,0,
The Lord of the Rings,Series_b,Melbourne House,Beam Software,,,,20.57m,,,,,,11/1/1982,3/9/2020,#VALUE!,,0,0,
Microsoft Flight Simulator 1.0,PC_b,Microsoft,Sublogic,,,,0.80m,,,,,,11/1/1982,,#VALUE!,,0,0,
Pole Position,Arc_b,Atari,Unknown,,,,,,,,,,11/1/1982,,#VALUE!,,0,0,
The Hobbit (1982),All_b,Melbourne House,Beam Software,,,,0.50m,,,,,,11/1/1982,5/24/2023,#VALUE!,,0,0,
Mouse Trap,CV_b,Coleco,Exidy,,,,,,,,,,11/2/1982,10/18/2021,#VALUE!,,0,0,
Zork: The Great Underground Empire,PC_b,Infocom,"Infocom, Inc.",,,,0.43m,,,,,,12/1/1982,,#VALUE!,,0,0,
Shark! Shark!,Int_b,Mattel Electronics,Mattel,,,,,,,,,,12/6/1982,1/13/2018,#VALUE!,,0,0,
Oink!,2600_b,Activision,Activision,,,,,,,,,,12/27/1982,,#VALUE!,,0,0,
James Bond,Series_b,Parker Bros.,Richard Shepherd Software,,,,30.00m,,,,,,1/1/1983,3/8/2020,#VALUE!,,0,0,
Asterix,Series_b,Atari,Atari,,,,5.00m,,,,,,1/1/1983,9/21/2022,#VALUE!,,0,0,
Dig Dug,2600_b,Atari,Atari,,,,,1.64m,1.52m,0.10m,,0.02m,1/1/1983,,1.64,,1.64,1.64,
Pole Position,2600_b,Atari,Atari,,,,,1.18m,1.10m,0.07m,,0.01m,1/1/1983,,1.18,,1.18,1.18,
Moon Patrol,2600_b,Atari,Atari,,,,,1.12m,1.05m,0.06m,,0.01m,1/1/1983,,1.12,,1.12,1.12,
Jungle Hunt,2600_b,Atari,Atari,,,,,1.10m,1.03m,0.06m,,0.01m,1/1/1983,,1.10,,1.10,1.1,
Joust,2600_b,Atari,Atari,,,,,1.08m,1.01m,0.06m,,0.01m,1/1/1983,,1.08,,1.08,1.08,
Donkey Kong Junior,2600_b,Coleco,Nintendo,,,,,0.97m,0.90m,0.05m,,0.01m,1/1/1983,,0.97,,0.97,0.97,
Enduro,2600_b,Activision,Activision,,,,,0.87m,0.81m,0.05m,,0.01m,1/1/1983,,0.87,,0.87,0.87,
Galaxian,2600_b,Atari,Atari,,,,,0.77m,0.72m,0.05m,,0.01m,1/1/1983,,0.77,,0.77,0.77,
Kangaroo,2600_b,Atari,Atari,,,,,0.72m,0.67m,0.04m,,0.01m,1/1/1983,,0.72,,0.72,0.72,
Keystone Kapers,2600_b,Activision,Activision,,,,,0.66m,0.62m,0.04m,,0.01m,1/1/1983,,0.66,,0.66,0.66,
Flash Gordon,2600_b,20th Century Fox Video Games,20th Century Fox Video Games,,,,,,,,,,1/1/1983,,#VALUE!,,0,0,
Forest,2600_b,Unknown,Sancho,,,,,,,,,,1/1/1983,,#VALUE!,,0,0,
Frogger,5200_b,Parker Bros.,Parker Brothers,,,,,,,,,,1/1/1983,,#VALUE!,,0,0,
Frogger,PC_b,Sierra Online,Konami,,,,,,,,,,1/1/1983,,#VALUE!,,0,0,
G.I. Joe: Cobra Strike,2600_b,Parker Bros.,Parker Bros,,,,,,,,,,1/1/1983,,#VALUE!,,0,0,
Gangster Alley,2600_b,Spectravision,Spectravision,,,,,,,,,,1/1/1983,,#VALUE!,,0,0,
Gas Hog,2600_b,Spectravision,Spectravision,,,,,,,,,,1/1/1983,,#VALUE!,,0,0,
Ghost Manor,2600_b,Xonox,Xonox,,,,,,,,,,1/1/1983,,#VALUE!,,0,0,
Glacier Patrol,2600_b,Telegames,Sunrise Software Inc.,,,,,,,,,,1/1/1983,,#VALUE!,,0,0,
Glib,2600_b,Unknown,Selchow & Righter,,,,,,,,,,1/1/1983,,#VALUE!,,0,0,
Gorf,5200_b,CBS Electronics,CBS Electronics,,,,,,,,,,1/1/1983,,#VALUE!,,0,0,
Great Escape,2600_b,Bomb,Bomb,,,,,,,,,,1/1/1983,,#VALUE!,,0,0,
Harbor Escape,2600_b,Panda Entertainment,Panda Entertainment,,,,,,,,,,1/1/1983,,#VALUE!,,0,0,
I Want My Mommy,2600_b,Unknown,Zimag,,,,,,,,,,1/1/1983,,#VALUE!,,0,0,
James Bond 007,2600_b,Parker Bros.,Parker Brothers,,,,,,,,,,1/1/1983,,#VALUE!,,0,0,
Jetpac,PC_b,Unknown,Ashby Computers and Graphics Ltd.,,,,,,,,,,1/1/1983,,#VALUE!,,0,0,
Joust,5200_b,Atari,Atari,,,,,,,,,,1/1/1983,,#VALUE!,,0,0,
Jungle Hunt,5200_b,Atari,Taito Corporation,,,,,,,,,,1/1/1983,,#VALUE!,,0,0,
Kaboom!,5200_b,Activision,Activision,,,,,,,,,,1/1/1983,,#VALUE!,,0,0,
Kangaroo,5200_b,Atari,Atari,,,,,,,,,,1/1/1983,,#VALUE!,,0,0,
Killer Satellites,2600_b,Unknown,Starpath Corp.,,,,,,,,,,1/1/1983,,#VALUE!,,0,0,
Kool-Aid Man,2600_b,Mattel Interactive,Mattel,,,,,,,,,,1/1/1983,,#VALUE!,,0,0,
Laser Gates,2600_b,Imagic,Imagic,,,,,,,,,,1/1/1983,,#VALUE!,,0,0,
Laser Volley,2600_b,Zellers,Zellers,,,,,,,,,,1/1/1983,,#VALUE!,,0,0,
Lilly Adventure,2600_b,Unknown,Quelle,,,,,,,,,,1/1/1983,,#VALUE!,,0,0,
London Blitz,2600_b,Unknown,Avalon Hill,,,,,,,,,,1/1/1983,,#VALUE!,,0,0,
Lunar Jetman,PC_b,Unknown,Ultimate - Play the Game,,,,,,,,,,1/1/1983,,#VALUE!,,0,0,
M*A*S*H,2600_b,20th Century Fox Video Games,20th Century Fox,,,,,,,,,,1/1/1983,,#VALUE!,,0,0,
Malagai,2600_b,Answer Software,Answer Software,,,,,,,,,,1/1/1983,,#VALUE!,,0,0,
Mangia',2600_b,Spectravision,Spectravision,,,,,,,,,,1/1/1983,,#VALUE!,,0,0,
Marine Wars,2600_b,Konami,Konami,,,,,,,,,,1/1/1983,,#VALUE!,,0,0,
Master Builder,2600_b,Spectravision,Spectravision,,,,,,,,,,1/1/1983,,#VALUE!,,0,0,
Masters of the Universe: Power of He-Man,2600_b,Mattel Interactive,Mattel,,,,,,,,,,1/1/1983,,#VALUE!,,0,0,
Megamania,5200_b,Activision,Activision,,,,,,,,,,1/1/1983,,#VALUE!,,0,0,
Miner 2049er,2600_b,Tigervision,Tigervision,,,,,,,,,,1/1/1983,,#VALUE!,,0,0,
Miner 2049er,5200_b,Big Five Software,Big Five Software,,,,,,,,,,1/1/1983,,#VALUE!,,0,0,
Miner 2049er,PC_b,Unknown,Big Five Software,,,,,,,,,,1/1/1983,,#VALUE!,,0,0,
Mission 3000,2600_b,Bit Corporation,Quelle,,,,,,,,,,1/1/1983,,#VALUE!,,0,0,
Mission 3000 A.D.,2600_b,Bit Corporation,Quelle,,,,,,,,,,1/1/1983,,#VALUE!,,0,0,
Mission Survive,2600_b,Unknown,Video Gems,,,,,,,,,,1/1/1983,,#VALUE!,,0,0,
Monster Math,PC_b,IBM,IBM,,,,,,,,,,1/1/1983,,#VALUE!,,0,0,
Montezuma's Revenge featuring Panama Joe,5200_b,Parker Bros.,Parker Bros,,,,,,,,,,1/1/1983,,#VALUE!,,0,0,
Moon Patrol,5200_b,Atari,Atari,,,,,,,,,,1/1/1983,,#VALUE!,,0,0,
Moonsweeper,2600_b,Imagic,Imagic,,,,,,,,,,1/1/1983,,#VALUE!,,0,0,
Mr. Postman,2600_b,Bit Corporation,Bit Corporation,,,,,,,,,,1/1/1983,,#VALUE!,,0,0,
Ms. Pac-Man,5200_b,Atari,Atari,,,,,,,,,,1/1/1983,,#VALUE!,,0,0,
Nightmare,2600_b,Unknown,Sancho,,,,,,,,,,1/1/1983,,#VALUE!,,0,0,
No Escape!,2600_b,Imagic,Imagic,,,,,,,,,,1/1/1983,,#VALUE!,,0,0,
Omega Race,2600_b,CBS Electronics,CBS Electronics,,,,,,,,,,1/1/1983,,#VALUE!,,0,0,
Oscar's Trash Race,2600_b,Atari,Atari,,,,,,,,,,1/1/1983,,#VALUE!,,0,0,
Out Of Control,2600_b,Avalon Interactive,Avalon Hill,,,,,,,,,,1/1/1983,,#VALUE!,,0,0,
Pac-Kong,2600_b,Quelle,Goliath Video System,,,,,,,,,,1/1/1983,,#VALUE!,,0,0,
Party Mix,2600_b,Unknown,Starpath Corp.,,,,,,,,,,1/1/1983,,#VALUE!,,0,0,
Pengo,5200_b,Atari,Atari,,,,,,,,,,1/1/1983,,#VALUE!,,0,0,
Pepsi Invaders,2600_b,Atari,Atari,,,,,,,,,,1/1/1983,,#VALUE!,,0,0,
Personal Game Programmer,2600_b,Answer Software,Answer Software,,,,,,,,,,1/1/1983,,#VALUE!,,0,0,
Pigs in Space,2600_b,Atari,Atari,,,,,,,,,,1/1/1983,,#VALUE!,,0,0,
Pitfall,5200_b,Activision,Activision,,,,,,,,,,1/1/1983,,#VALUE!,,0,0,
Planet Patrol,2600_b,Spectravision,Spectravision,,,,,,,,,,1/1/1983,,#VALUE!,,0,0,
Pole Position,5200_b,Atari,Namco,,,,,,,,,,1/1/1983,,#VALUE!,,0,0,
Popeye,5200_b,Parker Bros.,Parker Bros,,,,,,,,,,1/1/1983,,#VALUE!,,0,0,
Q*bert,5200_b,Parker Bros.,Parker Bros,,,,,,,,,,1/1/1983,,#VALUE!,,0,0,
Quadrun,2600_b,Atari,Atari,,,,,,,,,,1/1/1983,,#VALUE!,,0,0,
Quick Step,2600_b,Imagic,Imagic,,,,,,,,,,1/1/1983,,#VALUE!,,0,0,
Rabbit Transit,2600_b,Unknown,Starpath Corp.,,,,,,,,,,1/1/1983,,#VALUE!,,0,0,
RealSports Baseball,5200_b,Atari,Atari,,,,,,,,,,1/1/1983,,#VALUE!,,0,0,
RealSports Football,5200_b,Midway Games,Midway Games,,,,,,,,,,1/1/1983,,#VALUE!,,0,0,
RealSports Soccer,2600_b,Atari,Atari,,,,,,,,,,1/1/1983,,#VALUE!,,0,0,
RealSports Soccer,5200_b,Midway Games,Midway Games,,,,,,,,,,1/1/1983,,#VALUE!,,0,0,
RealSports Tennis,5200_b,Atari,Midway Games,,,,,,,,,,1/1/1983,,#VALUE!,,0,0,
Revenge of The Beefsteak Tomatoes,2600_b,20th Century Fox Video Games,20th Century Fox Video Games,,,,,,,,,,1/1/1983,,#VALUE!,,0,0,
River Raid,5200_b,Activision,Activision,,,,,,,,,,1/1/1983,,#VALUE!,,0,0,
Robin Hood,2600_b,Xonox,Xonox,,,,,,,,,,1/1/1983,,#VALUE!,,0,0,
Robotron: 2084,5200_b,Atari,"Williams Electronic Games, Inc.",,,,,,,,,,1/1/1983,,#VALUE!,,0,0,
Rock 'N Roll Escape,2600_b,Imagic,Imagic,,,,,,,,,,1/1/1983,,#VALUE!,,0,0,
Rubik's Cube,2600_b,Atari,Atari,,,,,,,,,,1/1/1983,,#VALUE!,,0,0,
Scuba Diver,2600_b,Panda Entertainment,Panda Entertainment,,,,,,,,,,1/1/1983,,#VALUE!,,0,0,
Sea Dragon,PC_b,Unknown,Adventure International,,,,,,,,,,1/1/1983,,#VALUE!,,0,0,
Sea Monster,2600_b,Bit Corporation,Bit Corp.,,,,,,,,,,1/1/1983,,#VALUE!,,0,0,
Seaquest,2600_b,Activision,Activision,,,,,,,,,,1/1/1983,,#VALUE!,,0,0,
Shuttle Orbiter,2600_b,Unknown,Avalon Hill,,,,,,,,,,1/1/1983,,#VALUE!,,0,0,
Sir Lancelot,2600_b,Xonox,Xonox,,,,,,,,,,1/1/1983,,#VALUE!,,0,0,
Ski Hunt,2600_b,Unknown,Homevision,,,,,,,,,,1/1/1983,,#VALUE!,,0,0,
Skin Diver,2600_b,Unknown,Sancho,,,,,,,,,,1/1/1983,,#VALUE!,,0,0,
Sky Skipper,2600_b,Parker Bros.,Parker Bros.,,,,,,,,,,1/1/1983,,#VALUE!,,0,0,
Smurfs Save The Day,2600_b,Coleco,Coleco,,,,,,,,,,1/1/1983,,#VALUE!,,0,0,
Snoopy & The Red Baron,2600_b,Atari,Atari,,,,,,,,,,1/1/1983,,#VALUE!,,0,0,
Solar Fox,2600_b,CBS Electronics,Bally Midway,,,,,,,,,,1/1/1983,,#VALUE!,,0,0,
Solar Storm,2600_b,Imagic,Imagic,,,,,,,,,,1/1/1983,,#VALUE!,,0,0,
Sorcerer,2600_b,Mythicon,Mythicon,,,,,,,,,,1/1/1983,,#VALUE!,,0,0,
Sorcerer's Apprentice,2600_b,Atari,Atari,,,,,,,,,,1/1/1983,,#VALUE!,,0,0,
Space Dungeon,5200_b,Atari,Atari,,,,,,,,,,1/1/1983,,#VALUE!,,0,0,
Space Shuttle: A Journey Into Space,2600_b,Activision,Activision,,,,,,,,,,1/1/1983,,#VALUE!,,0,0,
Space Tunnel,2600_b,Bit Corporation,Bit Corp.,,,,,,,,,,1/1/1983,,#VALUE!,,0,0,
Spacemaster X-7,2600_b,20th Century Fox Video Games,Sirius Software,,,,,,,,,,1/1/1983,,#VALUE!,,0,0,
Spider Fighter,2600_b,Activision,Activision,,,,,,,,,,1/1/1983,,#VALUE!,,0,0,
Spiderdroid,2600_b,Unknown,Froggo,,,,,,,,,,1/1/1983,,#VALUE!,,0,0,
Spike's Peak,2600_b,Atari,Atari,,,,,,,,,,1/1/1983,,#VALUE!,,0,0,
Spitfire Attack,2600_b,Milton Bradley,Milton Bradley,,,,,,,,,,1/1/1983,,#VALUE!,,0,0,
Spy Hunter,2600_b,Sega,Bally Midway,,,,,,,,,,1/1/1983,,#VALUE!,,0,0,
Star Fox,2600_b,Mythicon,Mythicon,,,,,,,,,,1/1/1983,,#VALUE!,,0,0,
Star Trek,5200_b,Sega,Sega,,,,,,,,,,1/1/1983,,#VALUE!,,0,0,
Star Trek: Strategic Operations Simulator,2600_b,Sega,Sega,,,,,,,,,,1/1/1983,,#VALUE!,,0,0,
Star Wars Return of The Jedi: Death Star Battle,2600_b,Parker Bros.,Parker Bros,,,,,,,,,,1/1/1983,,#VALUE!,,0,0,
Star Wars: Death Star Battle,5200_b,Parker Bros.,Parker Bros,,,,,,,,,,1/1/1983,,#VALUE!,,0,0,
Star Wars: Jedi Arena,2600_b,Parker Bros.,Parker Bros,,,,,,,,,,1/1/1983,,#VALUE!,,0,0,
Star Wars: The Arcade Game,2600_b,Parker Bros.,Parker Bros,,,,,,,,,,1/1/1983,,#VALUE!,,0,0,
Star Wars: The Arcade Game,5200_b,Parker Bros.,Parker Bros,,,,,,,,,,1/1/1983,,#VALUE!,,0,0,
Strawberry Shortcake: Musical Match-ups,2600_b,Parker Bros.,Parker Bros,,,,,,,,,,1/1/1983,,#VALUE!,,0,0,
Stronghold,2600_b,"CommaVid, Inc.","CommaVid, Inc.",,,,,,,,,,1/1/1983,,#VALUE!,,0,0,
Stuntman,2600_b,Panda Entertainment,Panda Entertainment,,,,,,,,,,1/1/1983,,#VALUE!,,0,0,
Subterranea,2600_b,Imagic,Imagic,,,,,,,,,,1/1/1983,,#VALUE!,,0,0,
Suicide Mission,2600_b,Unknown,Starpath Corp.,,,,,,,,,,1/1/1983,,#VALUE!,,0,0,
Super Cobra,2600_b,Parker Bros.,Parker Bros,,,,,,,,,,1/1/1983,,#VALUE!,,0,0,
Super Cobra,5200_b,Parker Bros.,Parker Bros,,,,,,,,,,1/1/1983,,#VALUE!,,0,0,
Surfer's Paradise but Danger below!,2600_b,Unknown,Video Gems,,,,,,,,,,1/1/1983,,#VALUE!,,0,0,
Survival Island,2600_b,Unknown,Starpath Corp.,,,,,,,,,,1/1/1983,,#VALUE!,,0,0,
Survival Run,2600_b,Milton Bradley,Milton Bradley,,,,,,,,,,1/1/1983,,#VALUE!,,0,0,
Sword of Fargoal,C64_b,Epyx,Unknown,,,,,,,,,,1/1/1983,,#VALUE!,,0,0,
Sword of Saros,2600_b,Unknown,Starpath Corp.,,,,,,,,,,1/1/1983,,#VALUE!,,0,0,
Swordquest: WaterWorld,2600_b,Atari,Atari,,,,,,,,,,1/1/1983,,#VALUE!,,0,0,
Tapper,2600_b,Sega,Sega,,,,,,,,,,1/1/1983,,#VALUE!,,0,0,
Task Force,2600_b,Unknown,Froggo,,,,,,,,,,1/1/1983,,#VALUE!,,0,0,
Taz,2600_b,Atari,Atari,,,,,,,,,,1/1/1983,,#VALUE!,,0,0,
The Dreadnought Factor,5200_b,Atari,Activision,,,,,,,,,,1/1/1983,,#VALUE!,,0,0,
The Earth Dies Screaming,2600_b,20th Century Fox Video Games,20th Century Fox Video Games,,,,,,,,,,1/1/1983,,#VALUE!,,0,0,
The Music Machine,2600_b,Unknown,Sparrow,,,,,,,,,,1/1/1983,,#VALUE!,,0,0,
Thunderground,2600_b,Sega,Sega,,,,,,,,,,1/1/1983,,#VALUE!,,0,0,
Time Pilot,2600_b,Coleco,Konami,,,,,,,,,,1/1/1983,,#VALUE!,,0,0,
Tomarc The Barbarian,2600_b,Xonox,Xonox,,,,,,,,,,1/1/1983,,#VALUE!,,0,0,
Tunnel Runner,2600_b,CBS Electronics,CBS Electronics,,,,,,,,,,1/1/1983,,#VALUE!,,0,0,
Ultima III: Exodus,PC_b,Origin Systems,Origin Systems,,,,,,,,,,1/1/1983,,#VALUE!,,0,0,
Video Jogger,2600_b,Unknown,Exus,,,,,,,,,,1/1/1983,,#VALUE!,,0,0,
Video Reflex,2600_b,Unknown,Exus,,,,,,,,,,1/1/1983,,#VALUE!,,0,0,
Wall Ball,2600_b,Avalon Interactive,Avalon Hill,,,,,,,,,,1/1/1983,,#VALUE!,,0,0,
Wall Defender,2600_b,Bomb,Bomb,,,,,,,,,,1/1/1983,,#VALUE!,,0,0,
Wing War,2600_b,Activision,Imagic,,,,,,,,,,1/1/1983,,#VALUE!,,0,0,
Z-Tack,2600_b,Bomb,Bomb,,,,,,,,,,1/1/1983,,#VALUE!,,0,0,
Zaxxon,5200_b,Sega,Sega,,,,,,,,,,1/1/1983,,#VALUE!,,0,0,
X-Man,2600_b,Unknown,Universal Gamex,,,,,0.63m,0.58m,0.04m,,0.01m,1/1/1983,,0.63,,0.63,0.63,
Battlezone,2600_b,Atari,Atari,,,,,0.62m,0.58m,0.03m,,0.01m,1/1/1983,,0.62,,0.62,0.62,
Halloween,2600_b,Unknown,Wizard Video Games,,,,,0.62m,0.58m,0.03m,,0.01m,1/1/1983,,0.62,,0.62,0.62,
Q*bert,2600_b,Parker Bros.,Gottlieb,,,,,0.58m,0.55m,0.03m,,0.01m,1/1/1983,,0.58,,0.58,0.58,
Advanced Dungeons & Dragons: Treasure of Tarmin,Int_b,Mattel Electronics,APh Technological Consulting,,,,,,,,,,1/1/1983,1/13/2018,#VALUE!,,0,0,
Beamrider,Int_b,Activision,Cheshire Engineering,,,,,,,,,,1/1/1983,1/13/2018,#VALUE!,,0,0,
Blockade Runner,Int_b,Interphase,Interphase,,,,,,,,,,1/1/1983,1/13/2018,#VALUE!,,0,0,
Bump 'N' Jump,Int_b,Mattel Electronics,Technology Associates,,,,,,,,,,1/1/1983,1/13/2018,#VALUE!,,0,0,
BurgerTime,Int_b,Mattel Electronics,Mattel,,,,,,,,,,1/1/1983,1/13/2018,#VALUE!,,0,0,
Buzz Bombers,Int_b,Mattel Electronics,Mattel,,,,,,,,,,1/1/1983,1/13/2018,#VALUE!,,0,0,
Centipede,Int_b,Atarisoft,Atari,,,,,,,,,,1/1/1983,1/13/2018,#VALUE!,,0,0,
Congo Bongo,Int_b,Sega,Sega,,,,,,,,,,1/1/1983,1/13/2018,#VALUE!,,0,0,
Defender,Int_b,Atarisoft,Atari,,,,,,,,,,1/1/1983,1/13/2018,#VALUE!,,0,0,
Donkey Kong Jr.,Int_b,Coleco,Coleco,,,,,,,,,,1/1/1983,1/13/2018,#VALUE!,,0,0,
Dracula,Int_b,Imagic,Imagic,,,,,,,,,,1/1/1983,1/13/2018,#VALUE!,,0,0,
Fathom,Int_b,Imagic,Imagic,,,,,,,,,,1/1/1983,1/13/2018,#VALUE!,,0,0,
Frogger,Int_b,Parker Brothers,Parker Bros.,,,,,,,,,,1/1/1983,1/13/2018,#VALUE!,,0,0,
Happy Trails,Int_b,Activision,Activision,,,,,,,,,,1/1/1983,1/13/2018,#VALUE!,,0,0,
Ice Trek,Int_b,Imagic,Imagic,,,,,,,,,,1/1/1983,1/13/2018,#VALUE!,,0,0,
Kool-Aid Man,Int_b,Mattel Electronics,Mattel,,,,,,,,,,1/1/1983,1/13/2018,#VALUE!,,0,0,
Lady Bug,Int_b,Coleco,Coleco,,,,,,,,,,1/1/1983,1/13/2018,#VALUE!,,0,0,
Loco-Motion,Int_b,Mattel Electronics,Mattel,,,,,,,,,,1/1/1983,1/13/2018,#VALUE!,,0,0,
Masters of the Universe: The Power of He-Man,Int_b,Mattel Electronics,Mattel,,,,,,,,,,1/1/1983,1/13/2018,#VALUE!,,0,0,
Melody Blaster,Int_b,Mattel Electronics,Mattel,,,,,,,,,,1/1/1983,1/13/2018,#VALUE!,,0,0,
Mind Strike,Int_b,Mattel Electronics,Mattel,,,,,,,,,,1/1/1983,1/13/2018,#VALUE!,,0,0,
Mission X,Int_b,Mattel Electronics,Mattel,,,,,,,,,,1/1/1983,1/13/2018,#VALUE!,,0,0,
Motocross,Int_b,Mattel Electronics,Mattel,,,,,,,,,,1/1/1983,1/13/2018,#VALUE!,,0,0,
Mr. Basic Meets Bits 'N Bytes,Int_b,Mattel Electronics,Mattel,,,,,,,,,,1/1/1983,1/13/2018,#VALUE!,,0,0,
Nova Blast,Int_b,Imagic,Imagic,,,,,,,,,,1/1/1983,1/13/2018,#VALUE!,,0,0,
The Activision Decathlon,2600_b,Activision,Activision,,,,,0.55m,0.52m,0.03m,,0.01m,1/1/1983,,0.55,,0.55,0.55,
Action Force,2600_b,CPG Products,Parker Bros.,,,,,0.54m,0.50m,0.03m,,0.01m,1/1/1983,,0.54,,0.54,0.54,
Popeye,2600_b,Parker Bros.,Parker Bros.,,,,,0.54m,0.50m,0.03m,,0.01m,1/1/1983,,0.54,,0.54,0.54,
Pac-Man,Int_b,Atarisoft,Atari,,,,,,,,,,1/1/1983,1/13/2018,#VALUE!,,0,0,
Pinball,Int_b,Mattel Electronics,Mattel,,,,,,,,,,1/1/1983,10/14/2018,#VALUE!,,0,0,
Popeye,Int_b,Parker Brothers,Parker Bros.,,,,,,,,,,1/1/1983,1/13/2018,#VALUE!,,0,0,
Q*bert,Int_b,Parker Brothers,Parker Bros.,,,,,,,,,,1/1/1983,1/13/2018,#VALUE!,,0,0,
River Raid,Int_b,Activision,Activision,,,,,,,,,,1/1/1983,1/13/2018,#VALUE!,,0,0,
Safecracker,Int_b,Imagic,Imagic,,,,,,,,,,1/1/1983,1/13/2018,#VALUE!,,0,0,
Scooby Doo's Maze Chase,Int_b,Mattel Electronics,Mattel,,,,,,,,,,1/1/1983,1/13/2018,#VALUE!,,0,0,
Sewer Sam,Int_b,Interphase,Interphase,,,,,,,,,,1/1/1983,1/13/2018,#VALUE!,,0,0,
Star Wars: The Empire Strikes Back,Int_b,Parker Brothers,Parker Bros.,,,,,,,,,,1/1/1983,1/13/2018,#VALUE!,,0,0,
Super Cobra,Int_b,Parker Brothers,Parker Bros.,,,,,,,,,,1/1/1983,1/13/2018,#VALUE!,,0,0,
The Dreadnaught Factor,Int_b,Activision,Cheshire Engineering,,,,,,,,,,1/1/1983,1/13/2018,#VALUE!,,0,0,
The Jetsons' Way With Words,Int_b,Mattel Electronics,Mattel,,,,,,,,,,1/1/1983,1/13/2018,#VALUE!,,0,0,
RealSports Tennis,2600_b,Atari,Atari,,,,,0.50m,0.46m,0.03m,,0.01m,1/1/1983,,0.50,,0.50,0.5,
Gauntlet,2600_b,Answer Software,Answer Software,,,,,0.50m,0.46m,0.03m,,0.01m,1/1/1983,,0.50,,0.50,0.5,
Congo Bongo,2600_b,Sega,Sega,,,,,0.40m,0.37m,0.02m,,0.00m,1/1/1983,,0.40,,0.40,0.4,
Bump 'n' Jump,2600_b,Mattel Interactive,Mattel,,,,,0.39m,0.37m,0.02m,,0.00m,1/1/1983,,0.39,,0.39,0.39,
Gravitar,2600_b,Atari,Atari,,,,,0.38m,0.35m,0.02m,,0.00m,1/1/1983,,0.38,,0.38,0.38,
Alien's Return,2600_b,ITT Family Games,Gem International Corporation,,,,,0.34m,0.32m,0.02m,,0.00m,1/1/1983,,0.34,,0.34,0.34,
Bank Heist,2600_b,20th Century Fox Video Games,20th Century Fox Video Games,,,,,0.34m,0.32m,0.02m,,0.00m,1/1/1983,,0.34,,0.34,0.34,
Frankenstein's Monster,2600_b,Data Age,Data Age,,,,,0.32m,0.30m,0.02m,,0.00m,1/1/1983,,0.32,,0.32,0.32,
Mountain King,2600_b,CBS Electronics,CBS Electronics,,,,,0.31m,0.29m,0.02m,,0.00m,1/1/1983,,0.31,,0.31,0.31,
Polaris,2600_b,Tigervision,Taito,,,,,0.28m,0.26m,0.02m,,0.00m,1/1/1983,,0.28,,0.28,0.28,
Mr. Do!,2600_b,Coleco,Coleco,,,,,0.27m,0.26m,0.02m,,0.00m,1/1/1983,,0.27,,0.27,0.27,
Porky's,2600_b,20th Century Fox Video Games,Dunhill Electronic Media Corp,,,,,0.25m,0.23m,0.01m,,0.00m,1/1/1983,,0.25,,0.25,0.25,
Assault,2600_b,Bomb,Bomb,,,,,0.22m,0.21m,0.01m,,0.00m,1/1/1983,,0.22,,0.22,0.22,
Death Trap,2600_b,Avalon Interactive,Avalon Hill,,,,,0.17m,0.15m,0.01m,,0.00m,1/1/1983,,0.17,,0.17,0.17,
Pressure Cooker,2600_b,Activision,Activision,,,,,0.15m,0.14m,0.01m,,0.00m,1/1/1983,,0.15,,0.15,0.15,
Krull,2600_b,Atari,Atari,,,,,0.14m,0.13m,0.01m,,0.00m,1/1/1983,,0.14,,0.14,0.14,
Suspended,PC_b,Infocom,"Infocom, Inc.",,,,0.10m,,,,,,1/1/1983,,#VALUE!,,0,0,
The Witness,PC_b,Infocom,"Infocom, Inc.",,,,0.08m,,,,,,1/1/1983,,#VALUE!,,0,0,
Enchanter,PC_b,Infocom,"Infocom, Inc.",,,,0.07m,,,,,,1/1/1983,,#VALUE!,,0,0,
Blue Max,All_b,U.S. Gold,Synapse Software,,,,0.06m,,,,,,1/1/1983,6/24/2023,#VALUE!,,0,0,
K-Razy Shoot-out,5200_b,CBS Electronics,Kay Enterprises Co.,,,,0.04m,,,,,,1/1/1983,,#VALUE!,,0,0,
Infidel,PC_b,Infocom,"Infocom, Inc.",,,,0.01m,,,,,,1/1/1983,,#VALUE!,,0,0,
Alpha Beam with Ernie,2600_b,Atari,"Children's Computer Workshop, Inc.",,,,,,,,,,1/1/1983,,#VALUE!,,0,0,
Artillery Duel,2600_b,Xonox,Xonox,,,,,,,,,,1/1/1983,,#VALUE!,,0,0,
Aufruhr im Zoo,2600_b,Quelle,Quelle,,,,,,,,,,1/1/1983,,#VALUE!,,0,0,
Berenstain Bears,2600_b,Coleco,Coleco,,,,,,,,,,1/1/1983,,#VALUE!,,0,0,
Berzerk,5200_b,Atari,Atari,,,,,,,,,,1/1/1983,,#VALUE!,,0,0,
Big Bird's Egg Catch,2600_b,Atari,Atari,,,,,,,,,,1/1/1983,,#VALUE!,,0,0,
Blue Print,5200_b,CBS Electronics,Solitaire Group,,,,,,,,,,1/1/1983,,#VALUE!,,0,0,
Blue Print,2600_b,CBS Electronics,CBS Electronics,,,,,,,,,,1/1/1983,,#VALUE!,,0,0,
Bobby is Going Home,2600_b,Bit Corporation,Bit Corporation,,,,,,,,,,1/1/1983,,#VALUE!,,0,0,
Boing!,2600_b,First Star Software,First Star Software,,,,,,,,,,1/1/1983,,#VALUE!,,0,0,
Buck Rogers: Planet of Zoom,2600_b,Sega,Sega,,,,,,,,,,1/1/1983,,#VALUE!,,0,0,
Bumper Bash,2600_b,Spectravision,Spectravision,,,,,,,,,,1/1/1983,,#VALUE!,,0,0,
Cakewalk,2600_b,"CommaVid, Inc.","CommaVid, Inc.",,,,,,,,,,1/1/1983,,#VALUE!,,0,0,
Castle Wolfenstein,PC_b,Muse Software,Muse Software,,,,,,,,,,1/1/1983,,#VALUE!,,0,0,
Centipede (1983),PC_b,Atari,Atari,,,,,,,,,,1/1/1983,,#VALUE!,,0,0,
Chase the Chuckwagon,2600_b,Spectravision,Spectravision,,,,,,,,,,1/1/1983,,#VALUE!,,0,0,
Chuck Norris Superkicks,2600_b,Xonox,Xonox,,,,,,,,,,1/1/1983,,#VALUE!,,0,0,
Condor Attack,2600_b,Unknown,Ultravision,,,,,,,,,,1/1/1983,,#VALUE!,,0,0,
Congo Bongo,PC_b,Sega,Sega,,,,,,,,,,1/1/1983,,#VALUE!,,0,0,
Cookie Monster Munch,2600_b,Atari,"Children's Computer Workshop, Inc.",,,,,,,,,,1/1/1983,,#VALUE!,,0,0,
Dancing Plates,2600_b,Bit Corporation,Quelle,,,,,,,,,,1/1/1983,,#VALUE!,,0,0,
Defender,5200_b,Atari,Atari,,,,,,,,,,1/1/1983,,#VALUE!,,0,0,
Demolition Herby,2600_b,Unknown,Telesys,,,,,,,,,,1/1/1983,,#VALUE!,,0,0,
Dice Puzzle,2600_b,Panda Entertainment,Panda Entertainment,,,,,,,,,,1/1/1983,,#VALUE!,,0,0,
Dig Dug,5200_b,Atari,Atari,,,,,,,,,,1/1/1983,,#VALUE!,,0,0,
Dig Dug,PC_b,Atari,Namco,,,,,,,,,,1/1/1983,,#VALUE!,,0,0,
Dishaster,2600_b,Unknown,Zimag,,,,,,,,,,1/1/1983,,#VALUE!,,0,0,
Donkey Kong,PC_b,Atari,Nintendo,,,,,,,,,,1/1/1983,,#VALUE!,,0,0,
Double-Ender: Artillery Duel / Ghost Manor,2600_b,Xonox,Xonox,,,,,,,,,,1/1/1983,,#VALUE!,,0,0,
Double-Ender: Artillery Duel / Super Kung-Fu,2600_b,Xonox,Xonox,,,,,,,,,,1/1/1983,,#VALUE!,,0,0,
Double-Ender: Chuck Norris Superkicks / Ghost Manor,2600_b,Xonox,Xonox,,,,,,,,,,1/1/1983,,#VALUE!,,0,0,
Double-Ender: Chuck Norris Superkicks / Spike's Peak,2600_b,Xonox,Xonox,,,,,,,,,,1/1/1983,,#VALUE!,,0,0,
Double-Ender: Chuck Norris Superkicks/Artillery Duel,2600_b,Xonox,Xonox,,,,,,,,,,1/1/1983,1/7/2018,#VALUE!,,0,0,
Double-Ender: Robin Hood / Sir Lancelot,2600_b,Xonox,Xonox,,,,,,,,,,1/1/1983,,#VALUE!,,0,0,
Double-Ender: Spike's Peak/Artillery Duel,2600_b,Xonox,Xonox,,,,,,,,,,1/1/1983,1/8/2018,#VALUE!,,0,0,
Double-Ender: Spike's Peak/Ghost Manor,2600_b,Xonox,Xonox,,,,,,,,,,1/1/1983,1/7/2018,#VALUE!,,0,0,
Double-Ender: Super Kung-Fu/Robin Hood,2600_b,Xonox,Xonox,,,,,,,,,,1/1/1983,1/7/2018,#VALUE!,,0,0,
Double-Ender: Tomarc the Barbarian / Motocross Racer,2600_b,Xonox,Xonox,,,,,,,,,,1/1/1983,,#VALUE!,,0,0,
Exocet,2600_b,Panda Entertainment,Panda Entertainment,,,,,,,,,,1/1/1983,,#VALUE!,,0,0,
Fathom,2600_b,Imagic,Imagic,,,,,,,,,,1/1/1983,,#VALUE!,,0,0,
Fire Fly,2600_b,Mythicon,Mythicon,,,,,,,,,,1/1/1983,,#VALUE!,,0,0,
White Water!,Int_b,Imagic,Imagic,,,,,,,,,,1/1/1983,1/13/2018,#VALUE!,,0,0,
World Series Major League Baseball,Int_b,Mattel Electronics,Mattel,,,,,,,,,,1/1/1983,1/13/2018,#VALUE!,,0,0,
Worm Whomper,Int_b,Activision,Cheshire Engineering,,,,,,,,,,1/1/1983,1/14/2018,#VALUE!,,0,0,
Zaxxon,Int_b,Coleco,Coleco,,,,,,,,,,1/1/1983,1/13/2018,#VALUE!,,0,0,
Plaque Attack,2600_b,Activision,Activision,,,,,,,,,,2/22/1983,,#VALUE!,,0,0,
Nobunaga's Ambition,Series_b,KOEI,Koei,,,,10.20m,,,,,,3/1/1983,2/14/2020,#VALUE!,,0,0,
Texas Chainsaw Massacre,2600_b,Unknown,Wizard Video Games,,,,,,,,,,3/14/1983,,#VALUE!,,0,0,
Robot Tank,2600_b,Activision,Activision,,,,,,,,,,3/24/1983,,#VALUE!,,0,0,
Donkey Kong Junior,CV_b,Coleco,Nintendo,,,,,,,,,,5/1/1983,10/13/2020,#VALUE!,,0,0,
Looping,CV_b,Coleco,Video Games GmbH,,,,,,,,,,5/3/1983,10/18/2021,#VALUE!,,0,0,
Crackpots,2600_b,Activision,Activision,,,,,,,,,,5/16/1983,,#VALUE!,,0,0,
Miner 2049er Volume II,2600_b,Tigervision,Tigervision,,,,,,,,,,6/1/1983,,#VALUE!,,0,0,
Astro Chase,5200_b,Parker Bros.,First Star Software,,,,,,,,,,6/1/1983,,#VALUE!,,0,0,
Beamrider,5200_b,Activision,Cheshire Engineering,,,,,,,,,,6/1/1983,,#VALUE!,,0,0,
Buck Rogers: Planet of Zoom,5200_b,Sega,Sega,,,,,,,,,,6/1/1983,,#VALUE!,,0,0,
Mr. Do!,CV_b,Coleco,Universal,,,,,,,,,,6/7/1983,9/18/2020,#VALUE!,,0,0,
Lode Runner,All_b,Broderbund,Douglas E. Smith,,,,0.30m,,,,,,6/23/1983,4/7/2022,#VALUE!,,0,0,
Planetfall,Series_b,Infocom,"Infocom, Inc.",,,,0.10m,,,,,,7/8/1983,12/21/2020,#VALUE!,,0,0,
Planetfall,PC_b,Infocom,"Infocom, Inc.",,,,0.08m,,,,,,7/8/1983,,#VALUE!,,0,0,
Super Mario,Series_b,Nintendo,Nintendo,,,,402.36m,,,,,,7/20/1983,2/20/2020,#VALUE!,,0,0,
Popeye,CV_b,Parker Brothers,Nintendo,,,,,,,,,,8/2/1983,10/18/2021,#VALUE!,,0,0,
Enchanter,Series_b,Infocom,"Infocom, Inc.",,,,0.16m,,,,,,8/10/1983,12/28/2020,#VALUE!,,0,0,
Frostbite,2600_b,Activision,Activision,,,,,0.34m,0.32m,0.02m,,0.00m,8/14/1983,,0.34,,0.34,0.34,
Snail Against Squirrel,2600_b,Bit Corporation,Bit Corporation,,,,,,,,,,8/20/1983,,#VALUE!,,0,0,
Ultima III: Exodus,All_b,Origin Systems,Origin Systems,,,,0.12m,,,,,,8/23/1983,3/15/2021,#VALUE!,,0,0,
Mahjong,NES_b,Nintendo,Nintendo,,,,2.14m,,,,,,8/27/1983,,#VALUE!,,0,0,
Q*bert,CV_b,Parker Brothers,Gottlieb,,,,,,,,,,9/6/1983,10/18/2021,#VALUE!,,0,0,
Pitfall II: Lost Caverns,2600_b,Activision,Activision,,,,,1.31m,1.22m,0.07m,,0.02m,9/16/1983,,1.31,,1.31,1.31,
Private Eye,2600_b,Activision,Activision,,,,,,,,,,9/19/1983,,#VALUE!,,0,0,
Mario Bros.,2600_b,Atari,Atari,,,,,1.59m,1.48m,0.09m,,0.02m,10/1/1983,,1.59,,1.59,1.59,
Mario Bros.,5200_b,Atari,Atari,,,,,,,,,,10/1/1983,,#VALUE!,,0,0,
B.C.'s Quest for Tires,CV_b,Sierra Online,Sydney Development,,,,,,,,,,11/1/1983,10/18/2021,#VALUE!,,0,0,
Popeye no Eigo Asobi,NES_b,Nintendo,Nintendo,,,,,,,,,,11/22/1983,,#VALUE!,,0,0,
Dolphin,2600_b,Activision,Activision,,,,,0.29m,0.27m,0.02m,,0.00m,12/27/1983,,0.29,,0.29,0.29,
F-15 Strike Eagle,All_b,Microprose,MicroProse,,,,1.50m,,,,,,1/1/1984,4/22/2021,#VALUE!,,0,0,
Jr. Pac-Man,2600_b,Atari,General Entertainment,,,,,0.78m,0.72m,0.05m,,0.01m,1/1/1984,,0.78,,0.78,0.78,
Crystal Castles,2600_b,Atari,Atari,,,,,0.77m,0.72m,0.04m,,0.01m,1/1/1984,,0.77,,0.77,0.77,
Frogger II: Threeedeep!,5200_b,Parker Bros.,Parker Brothers,,,,,,,,,,1/1/1984,,#VALUE!,,0,0,
Ghostbusters,C64_b,Activision,Unknown,,,,,,,,,,1/1/1984,,#VALUE!,,0,0,
Ghostbusters,ApII_b,Activision,Unknown,,,,,,,,,,1/1/1984,,#VALUE!,,0,0,
Gyruss,2600_b,Parker Bros.,Parker Bros,,,,,,,,,,1/1/1984,,#VALUE!,,0,0,
Gyruss,5200_b,Parker Bros.,Parker Bros,,,,,,,,,,1/1/1984,,#VALUE!,,0,0,
H.E.R.O.,5200_b,Activision,Activision,,,,,,,,,,1/1/1984,,#VALUE!,,0,0,
Impossible Mission,C64_b,Epyx,Unknown,,,,,,,,,,1/1/1984,,#VALUE!,,0,0,
James Bond 007,5200_b,Parker Bros.,Parker Bros,,,,,,,,,,1/1/1984,,#VALUE!,,0,0,
Jumpman,PC_b,IBM,Epyx,,,,,,,,,,1/1/1984,,#VALUE!,,0,0,
Keystone Kapers,5200_b,Activision,Activision,,,,,,,,,,1/1/1984,,#VALUE!,,0,0,
King's Quest,PC_b,Sierra Online,"Sierra On-Line, Inc.",,,,,,,,,,1/1/1984,,#VALUE!,,0,0,
Meteorites,5200_b,Unknown,Electra,,,,,,,,,,1/1/1984,,#VALUE!,,0,0,
Montezuma's Revenge featuring Panama Joe,2600_b,Parker Bros.,Parker Bros,,,,,,,,,,1/1/1984,,#VALUE!,,0,0,
Motocross Racer,2600_b,Xonox,Xonox,,,,,,,,,,1/1/1984,,#VALUE!,,0,0,
Mountain King,5200_b,CBS Electronics,CBS Electronics,,,,,,,,,,1/1/1984,,#VALUE!,,0,0,
Mr. Do!'s Castle,5200_b,Parker Bros.,Parker Bros,,,,,,,,,,1/1/1984,,#VALUE!,,0,0,
Name This Game,2600_b,US Games,US Games,,,,,,,,,,1/1/1984,,#VALUE!,,0,0,
Pitfall II: Lost Caverns,5200_b,Activision,Activision,,,,,,,,,,1/1/1984,,#VALUE!,,0,0,
Pitfall II: Lost Caverns,PC_b,Activision,Activision,,,,,,,,,,1/1/1984,,#VALUE!,,0,0,
Pole Position,C64_b,Atari,Unknown,,,,,,,,,,1/1/1984,,#VALUE!,,0,0,
Q*bert's Qubes,2600_b,Parker Bros.,Parker Bros,,,,,,,,,,1/1/1984,,#VALUE!,,0,0,
Quest For Quintana Roo,2600_b,Sunrise Interactive,Sunrise Software Inc.,,,,,,,,,,1/1/1984,,#VALUE!,,0,0,
Quest for Quintana Roo,5200_b,Sunrise Interactive,Sunrise Software Inc.,,,,,,,,,,1/1/1984,,#VALUE!,,0,0,
Questprobe Featuring The Hulk,PC_b,Unknown,Adventure International,,,,,,,,,,1/1/1984,,#VALUE!,,0,0,
Quink,PC_b,Unknown,Ron Dubren and Associates,,,,,,,,,,1/1/1984,,#VALUE!,,0,0,
Rescue on Fractalus,5200_b,Atari,Atari,,,,,,,,,,1/1/1984,,#VALUE!,,0,0,
River Patrol,2600_b,Tigervision,Tigervision,,,,,,,,,,1/1/1984,,#VALUE!,,0,0,
River Raid,PC_b,Activision,Activision,,,,,,,,,,1/1/1984,,#VALUE!,,0,0,
Roc'N Rope,2600_b,Coleco,Coleco,,,,,,,,,,1/1/1984,,#VALUE!,,0,0,
Space Shuttle,5200_b,Activision,Activision,,,,,,,,,,1/1/1984,,#VALUE!,,0,0,
Stargate,2600_b,Atari,Atari,,,,,,,,,,1/1/1984,,#VALUE!,,0,0,
The Activision Decathlon,C64_b,Activision,Unknown,,,,,,,,,,1/1/1984,,#VALUE!,,0,0,
The Activision Decathlon,5200_b,Activision,Activision,,,,,,,,,,1/1/1984,1/6/2018,#VALUE!,,0,0,
The Ancient Art of War,PC_b,Broderbund,Evryware,,,,,,,,,,1/1/1984,,#VALUE!,,0,0,
The Lords of Midnight,ACPC_b,Beyond Software,Unknown,,,,,,,,,,1/1/1984,1/6/2018,#VALUE!,,0,0,
The Lords of Midnight,ZXS_b,Unknown,Unknown,,,,,,,,,,1/1/1984,,#VALUE!,,0,0,
The Lords of Midnight,C64_b,Beyond Software,Unknown,,,,,,,,,,1/1/1984,,#VALUE!,,0,0,
The Seven Cities of Gold,PC_b,Electronic Arts,Ozark Softscape,,,,,,,,,,1/1/1984,,#VALUE!,,0,0,
Thunder Force,PC_b,TechnoSoft,"TechnoSoft Co., Ltd.",,,,,,,,,,1/1/1984,,#VALUE!,,0,0,
Track & Field,2600_b,Atari,Konami,,,,,,,,,,1/1/1984,,#VALUE!,,0,0,
Up 'n Down,2600_b,Sega,Sega,,,,,,,,,,1/1/1984,,#VALUE!,,0,0,
Vanguard,5200_b,Atari,Atari,,,,,,,,,,1/1/1984,,#VALUE!,,0,0,
Wanted: Monty Mole,ZXS_b,Gremlin Graphics,Unknown,,,,,,,,,,1/1/1984,,#VALUE!,,0,0,
Wanted: Monty Mole,C64_b,Gremlin Graphics,Unknown,,,,,,,,,,1/1/1984,,#VALUE!,,0,0,
Wizardry: Proving Grounds of the Mad Overlord,PC_b,Sirtech,"Sirtech Software, Inc.",,,,,,,,,,1/1/1984,,#VALUE!,,0,0,
Zenji,5200_b,Activision,Activision,,,,,,,,,,1/1/1984,,#VALUE!,,0,0,
Zone Ranger,5200_b,Activision,Activision,,,,,,,,,,1/1/1984,,#VALUE!,,0,0,
Montezuma's Revenge,All_b,Parker Brothers,Utopia Software,,,,0.60m,,,,,,1/1/1984,6/24/2023,#VALUE!,,0,0,
Midnight Magic,2600_b,Atari,Atari,,,,,0.50m,0.47m,0.03m,,0.01m,1/1/1984,,0.50,,0.50,0.5,
Millipede,2600_b,Atari,Atari,,,,,0.48m,0.45m,0.03m,,0.01m,1/1/1984,,0.48,,0.48,0.48,
Gremlins,2600_b,Atari,Atari,,,,,0.46m,0.43m,0.03m,,0.00m,1/1/1984,,0.46,,0.46,0.46,
Pengo,2600_b,Atari,Atari,,,,,0.40m,0.38m,0.02m,,0.00m,1/1/1984,,0.40,,0.40,0.4,
The Hitchhiker's Guide to the Galaxy,PC_b,Infocom,"Infocom, Inc.",,,,0.40m,,,,,,1/1/1984,,#VALUE!,,0,0,
Frogger II: Threeedeep!,2600_b,Parker Bros.,Parker Bros,,,,,0.33m,0.31m,0.02m,,0.00m,1/1/1984,,0.33,,0.33,0.33,
Mr. Do!'s Castle,2600_b,Parker Bros.,Parker Bros,,,,,0.17m,0.15m,0.01m,,0.00m,1/1/1984,,0.17,,0.17,0.17,
Mindshadow,All_b,Activision,Interplay Productions,,,,0.10m,,,,,,1/1/1984,9/29/2022,#VALUE!,,0,0,
The Dam Busters,All_b,Accolade,Sydney Development,,,,0.10m,,,,,,1/1/1984,4/23/2022,#VALUE!,,0,0,
Cutthroats,PC_b,Infocom,"Infocom, Inc.",,,,0.08m,,,,,,1/1/1984,,#VALUE!,,0,0,
Gemstone,Series_b,Strategic Simulations,Paradigm Creators,,,,0.06m,,,,,,1/1/1984,3/25/2021,#VALUE!,,0,0,
Suspect,PC_b,Infocom,"Infocom, Inc.",,,,0.05m,,,,,,1/1/1984,,#VALUE!,,0,0,
Gemstone Warrior,All_b,Strategic Simulations,Paradigm Creators,,,,0.05m,,,,,,1/1/1984,3/24/2021,#VALUE!,,0,0,
Sorcerer,PC_b,Infocom,"Infocom, Inc.",,,,0.05m,,,,,,1/1/1984,,#VALUE!,,0,0,
Seastalker,PC_b,Infocom,"Infocom, Inc.",,,,0.04m,,,,,,1/1/1984,,#VALUE!,,0,0,
Adventureland,PC_b,Unknown,Adventure International / Scott Adams,,,,,,,,,,1/1/1984,,#VALUE!,,0,0,
Alien,ZXS_b,Sega-AM7,Concept Software,,,,,,,,,,1/1/1984,,#VALUE!,,0,0,
Alien,C64_b,Sega-AM7,Unknown,,,,,,,,,,1/1/1984,,#VALUE!,,0,0,
Below the Root,PC_b,Unknown,Telarium,,,,,,,,,,1/1/1984,,#VALUE!,,0,0,
Beyond Castle Wolfenstein,PC_b,Muse Software,Muse Software,,,,,,,,,,1/1/1984,,#VALUE!,,0,0,
Boulder Dash,PC_b,First Star Software,First Star Software,,,,,,,,,,1/1/1984,,#VALUE!,,0,0,
Bounty Bob Strikes Back!,5200_b,Big Five Software,Big Five Software,,,,,,,,,,1/1/1984,,#VALUE!,,0,0,
Bruce Lee,PC_b,Unknown,"Datasoft, inc",,,,,,,,,,1/1/1984,,#VALUE!,,0,0,
Choplifter!,5200_b,Atari,Atari,,,,,,,,,,1/1/1984,,#VALUE!,,0,0,
Congo Bongo,5200_b,Sega,Sega,,,,,,,,,,1/1/1984,,#VALUE!,,0,0,
Cosmic Corridor,2600_b,Unknown,Zimag,,,,,,,,,,1/1/1984,,#VALUE!,,0,0,
Countermeasure,5200_b,Atari,Atari,,,,,,,,,,1/1/1984,,#VALUE!,,0,0,
Decathlon,5200_b,Activision,Activision,,,,,,,,,,1/1/1984,,#VALUE!,,0,0,
Door Door,PC_b,Enix,"Chunsoft Co., Ltd.",,,,,,,,,,1/1/1984,,#VALUE!,,0,0,
Espial,2600_b,Tigervision,Tigervision,,,,,,,,,,1/1/1984,,#VALUE!,,0,0,
Beamrider,2600_b,Activision,Activision,,,,,0.27m,0.26m,0.01m,,0.00m,1/24/1984,,0.27,,0.27,0.27,
Boulder Dash,All_b,First Star Software,Data East,,,,0.50m,,,,,,3/1/1984,9/30/2022,#VALUE!,,0,0,
Ballblazer,5200_b,Atari,Lucasfilm Games,,,,,,,,,,3/1/1984,,#VALUE!,,0,0,
Gateway to Apshai,CV_b,Epyx,Epyx,,,,,,,,,,3/6/1984,10/18/2021,#VALUE!,,0,0,
H.E.R.O.,2600_b,Activision,Activision,,,,,,,,,,3/23/1984,,#VALUE!,,0,0,
King's Quest,Series_b,Sierra Online,On-Line Systems,,,,7.00m,,,,,,5/10/1984,4/2/2021,#VALUE!,,0,0,
Root Beer Tapper,CV_b,Coleco,Bally Midway,,,,,,,,,,6/1/1984,10/27/2021,#VALUE!,,0,0,
Bump 'n' Jump,CV_b,Coleco,Data East,,,,,,,,,,6/5/1984,10/18/2021,#VALUE!,,0,0,
Nuts & Milk,NES_b,Hudson Soft,Hudson Soft,,,,,,,,,,7/28/1984,,#VALUE!,,0,0,
Galaxian,NES_b,Namco,Namco,,,,,,,,,,9/7/1984,,#VALUE!,,0,0,
Elite,Series_b,Imagineer,David Braben,,,,6.40m,,,,,,9/20/1984,1/19/2021,#VALUE!,,0,0,
Elite,All_b,Acornsoft,David Braben,,,,1.00m,,,,,,9/20/1984,1/19/2021,#VALUE!,,0,0,
Elite,Aco_b,Frontier Developments Inc.,Unknown,,,,,,,,,,9/20/1984,,#VALUE!,,0,0,
Elite,BBCM_b,Frontier Developments Inc.,Unknown,,,,,,,,,,9/20/1984,,#VALUE!,,0,0,
Ghostbusters,All_b,Activision,Activision,,,,,,,,,,10/26/1984,8/11/2023,#VALUE!,,0,0,
Ghostbusters,Series_b,Activision,Activision,,,,,,,,,,10/26/1984,8/11/2023,#VALUE!,,0,0,
F1 Race,NES_b,Nintendo,Nintendo,,,,1.52m,,,,,,11/2/1984,,#VALUE!,,0,0,
4 Nin uchi Mahjong,NES_b,Nintendo,Hudson Soft,,,,1.45m,,,,,,11/2/1984,,#VALUE!,,0,0,
Cosmic Commuter,2600_b,Activision,Activision,,,,,,,,,,11/9/1984,,#VALUE!,,0,0,
Mappy,NES_b,Namco,Namco,,,,,0.69m,,,0.69m,,11/14/1984,,0.69,,0.69,0.69,
1942,Series_b,Capcom,Capcom,,,,1.40m,,,,,,12/1/1984,2/4/2020,#VALUE!,,0,0,
Ghostbusters,MSX_b,Activision,Unknown,,,,,,,,,,1/1/1985,,#VALUE!,,0,0,
Ghostbusters,ACPC_b,Activision,Activision,,,,,,,,,,1/1/1985,1/6/2018,#VALUE!,,0,0,
Hang On,MS_b,Sega,Sega,,,,,,,,,,1/1/1985,,#VALUE!,,0,0,
King's Quest II: Romancing the Throne,PC_b,Sierra Entertainment,Sierra Entertainment,,,,,,,,,,1/1/1985,,#VALUE!,,0,0,
Monty is Innocent,ZXS_b,Gremlin Graphics,Unknown,,,,,,,,,,1/1/1985,,#VALUE!,,0,0,
Monty on the Run,C64_b,Gremlin Graphics,Unknown,,,,,,,,,,1/1/1985,,#VALUE!,,0,0,
Monty on the Run,ZXS_b,Gremlin Graphics,Unknown,,,,,,,,,,1/1/1985,,#VALUE!,,0,0,
Monty on the Run,ACPC_b,Gremlin Graphics,Unknown,,,,,,,,,,1/1/1985,1/6/2018,#VALUE!,,0,0,
Questprobe Featuring The Human Torch and The Thing,PC_b,Unknown,Adventure International,,,,,,,,,,1/1/1985,,#VALUE!,,0,0,
Silent Service,PC_b,Microprose,"MicroProse Software, Inc.",,,,,,,,,,1/1/1985,,#VALUE!,,0,0,
Stargate,C64_b,Atari,Unknown,,,,,,,,,,1/1/1985,,#VALUE!,,0,0,
Strip Poker: A Sizzling Game of Chance,PC_b,Artworx Software Company,"Artworx Software Co, Inc.",,,,,,,,,,1/1/1985,,#VALUE!,,0,0,
Swashbuckler,PC_b,Unknown,"Datamost, Inc",,,,,,,,,,1/1/1985,,#VALUE!,,0,0,
"Tales of the Unknown, Volume I: The Bard's Tale",PC_b,Electronic Arts,"Interplay Productions, Inc",,,,,,,,,,1/1/1985,,#VALUE!,,0,0,
Temple of Apshai Trilogy,PC_b,Keypunch,Epyx Computer Software,,,,,,,,,,1/1/1985,,#VALUE!,,0,0,
Ultima IV: Quest of the Avatar,PC_b,Origin Systems,"Origin Systems, Inc.",,,,,,,,,,1/1/1985,,#VALUE!,,0,0,
Wishbringer,MSD_b,Infocom,Unknown,,,,,,,,,,1/1/1985,,#VALUE!,,0,0,
Wishbringer,C64_b,Infocom,Unknown,,,,,,,,,,1/1/1985,,#VALUE!,,0,0,
Wishbringer,AST_b,Infocom,Unknown,,,,,,,,,,1/1/1985,,#VALUE!,,0,0,
Wishbringer,ApII_b,Infocom,Unknown,,,,,,,,,,1/1/1985,,#VALUE!,,0,0,
Wishbringer,OSX_b,Infocom,Unknown,,,,,,,,,,1/1/1985,,#VALUE!,,0,0,
Wizardry II: The Knight of Diamonds,PC_b,Sirtech,"Sir-tech Software, Inc.",,,,,,,,,,1/1/1985,,#VALUE!,,0,0,
Championship Tennis,Int_b,Dextell Ltd.,Mattel,,,,,,,,,,1/1/1985,1/13/2018,#VALUE!,,0,0,
HardBall!,All_b,Accolade,Accolade,,,,0.50m,,,,,,1/1/1985,4/23/2022,#VALUE!,,0,0,
Phantasie,Series_b,Strategic Simulations,Strategic Simulations,,,,0.13m,,,,,,1/1/1985,3/25/2021,#VALUE!,,0,0,
Wishbringer,PC_b,Infocom,"Infocom, Inc.",,,,0.11m,,,,,,1/1/1985,,#VALUE!,,0,0,
Phantasie,All_b,Strategic Simulations,Strategic Simulations,,,,0.05m,,,,,,1/1/1985,3/25/2021,#VALUE!,,0,0,
Spellbreaker,PC_b,Infocom,"Infocom, Inc.",,,,0.04m,,,,,,1/1/1985,,#VALUE!,,0,0,
A Mind Forever Voyaging,PC_b,Infocom,"Infocom, Inc.",,,,0.03m,,,,,,1/1/1985,,#VALUE!,,0,0,
Fooblitzky,PC_b,Infocom,"Infocom, Inc.",,,,0.01m,,,,,,1/1/1985,,#VALUE!,,0,0,
A Mind Forever Voyaging,MSD_b,Infocom,"Infocom, Inc.",,,,,,,,,,1/1/1985,,#VALUE!,,0,0,
A Mind Forever Voyaging,C128_b,Activision,"Infocom, Inc.",,,,,,,,,,1/1/1985,,#VALUE!,,0,0,
A Mind Forever Voyaging,AST_b,Infocom,"Infocom, Inc.",,,,,,,,,,1/1/1985,,#VALUE!,,0,0,
Alien,ACPC_b,SegaÂ AM7,Concept Software,,,,,,,,,,1/1/1985,,#VALUE!,,0,0,
Auto Duel,PC_b,Origin Systems,MicroMagic,,,,,,,,,,1/1/1985,,#VALUE!,,0,0,
Autoduel,PC_b,Origin Systems,MicroMagic,,,,,,,,,,1/1/1985,,#VALUE!,,0,0,
Chaos: The Battle of the Wizards,ZXS_b,Games Workshop,Unknown,,,,,,,,,,1/1/1985,,#VALUE!,,0,0,
Deja Vu,PC_b,Mindscape,"ICOM Simulations, Inc.",,,,,,,,,,1/1/1985,,#VALUE!,,0,0,
Doomdark's Revenge,ZXS_b,Beyond Software,Unknown,,,,,,,,,,1/1/1985,,#VALUE!,,0,0,
Doomdark's Revenge,ACPC_b,Beyond Software,Unknown,,,,,,,,,,1/1/1985,1/6/2018,#VALUE!,,0,0,
Doomdark's Revenge,C64_b,Beyond Software,Unknown,,,,,,,,,,1/1/1985,,#VALUE!,,0,0,
Elite,ZXS_b,Firebird,Unknown,,,,,,,,,,1/1/1985,,#VALUE!,,0,0,
Elite,C64_b,Firebird,Unknown,,,,,,,,,,1/1/1985,,#VALUE!,,0,0,
Elite,ApII_b,Firebird,Unknown,,,,,,,,,,1/1/1985,,#VALUE!,,0,0,
F-15 Strike Eagle,PC_b,Microprose,MicroProse,,,,,,,,,,1/1/1985,,#VALUE!,,0,0,
World Cup Soccer,Int_b,Dextell Ltd.,Mattel Electronics France,,,,,,,,,,1/1/1985,1/13/2018,#VALUE!,,0,0,
Exerion,NES_b,Jaleco,Jaleco Entertainment,,,,,,,,,,2/11/1985,,#VALUE!,,0,0,
Commando,Series_b,Capcom,Capcom,,,,1.20m,,,,,,4/1/1985,2/3/2020,#VALUE!,,0,0,
Thexder,All_b,Game Arts,Game Arts,,,,0.50m,,,,,,4/1/1985,4/2/2021,#VALUE!,,0,0,
Q*bert's Qubes,CV_b,Parker Brothers,Mylstar Electronics,,,,,,,,,,4/2/1985,10/20/2021,#VALUE!,,0,0,
Space Invaders,NES_b,Taito,Taito Corporation,,,,,,,,,,4/17/1985,,#VALUE!,,0,0,
Championship Lode Runner,NES_b,Hudson Soft,Hudson Soft,,,,,,,,,,4/17/1985,,#VALUE!,,0,0,
Yie Ar Kung Fu,NES_b,Konami,Konami,,,,,,,,,,4/22/1985,,#VALUE!,,0,0,
City Connection,NES_b,Jaleco,Jaleco Entertainment,,,,,,,,,,5/1/1985,,#VALUE!,,0,0,
Ghostbusters,2600_b,Activision,Atari,,,,,0.45m,0.42m,0.03m,,0.00m,5/10/1985,,0.45,,0.45,0.45,
Dig Dug,NES_b,Namco,Namco,,,,,0.41m,,,0.41m,,6/4/1985,,0.41,,0.41,0.41,
Flappy,NES_b,Unknown,DB Soft,,,,,,,,,,6/14/1985,,#VALUE!,,0,0,
Warpman,NES_b,Namco,Namco,,,,,,,,,,7/12/1985,,#VALUE!,,0,0,
Door Door,NES_b,Enix,ChunSoft,,,,,,,,,,7/18/1985,,#VALUE!,,0,0,
The Tower of Druaga,NES_b,Namco,Namco,,,,,,,,,,8/6/1985,,#VALUE!,,0,0,
Astro Robo Sasa,NES_b,ASCII Entertainment,MTL,,,,,,,,,,8/9/1985,,#VALUE!,,0,0,
Hon Shogi: Naitou Kudan Shogi Hiden,NES_b,Seta Corporation,Random House,,,,,,,,,,8/10/1985,,#VALUE!,,0,0,
Geimos,NES_b,ASCII Entertainment,Micronics,,,,,,,,,,8/28/1985,,#VALUE!,,0,0,
Battle City,NES_b,Namco,Namco,,,,,,,,,,9/9/1985,,#VALUE!,,0,0,
Ghosts 'n Goblins,Series_b,Capcom,Capcom,,,,4.50m,,,,,,9/19/1985,2/3/2020,#VALUE!,,0,0,
Ghosts 'n Goblins,Arc_b,Capcom,Unknown,,,,,,,,,,9/19/1985,,#VALUE!,,0,0,
Kung Fu,NES_b,Nintendo,Irem Software Engineering,,,,3.50m,,,,,,10/1/1985,,#VALUE!,,0,0,
Baseball,NES_b,Nintendo,Nintendo,,,,3.20m,,,,,,10/1/1985,,#VALUE!,,0,0,
Ice Climber,NES_b,Nintendo,Nintendo R&D1,,,,1.50m,,,,,,10/1/1985,,#VALUE!,,0,0,
Wild Gunman,NES_b,Nintendo,Intelligent Systems,,,,,,,,,,10/1/1985,,#VALUE!,,0,0,
Wrecking Crew,NES_b,Nintendo,Nintendo,,,,,0.51m,,,0.51m,,10/1/1985,,0.51,,0.51,0.51,
Route-16 Turbo,NES_b,Sunsoft,SunSoft,,,,,,,,,,10/4/1985,,#VALUE!,,0,0,
Duck Hunt,NES_b,Nintendo,Nintendo R&D1,,,,28.31m,,,,,,10/15/1985,,#VALUE!,,0,0,
Super Mario Bros.,NES_b,Nintendo,Nintendo EAD,,10,8.2,40.24m,,,,,,10/18/1985,,#VALUE!,,0,0,
Excitebike,NES_b,Nintendo,Nintendo R&D1,,,,4.16m,,,,,,10/18/1985,,#VALUE!,,0,0,
Tennis,All_b,Nintendo,Nintendo,,,,4.16m,,,,,,10/18/1985,12/5/2020,#VALUE!,,0,0,
Golf,NES_b,Nintendo,Nintendo,,,,4.01m,,,,,,10/18/1985,,#VALUE!,,0,0,
Tennis,NES_b,Nintendo,Nintendo,,,,2.17m,,,,,,10/18/1985,,#VALUE!,,0,0,
Pinball,NES_b,Nintendo,Nintendo,,,,1.85m,,,,,,10/18/1985,,#VALUE!,,0,0,
Gyromite,NES_b,Nintendo,Nintendo R&D1,,,,1.32m,,,,,,10/18/1985,,#VALUE!,,0,0,
Hogan's Alley,NES_b,Nintendo,Intelligent Systems,,,,1.27m,,,,,,10/18/1985,,#VALUE!,,0,0,
Clu Clu Land,NES_b,Nintendo,Nintendo R&D1,,,,,0.82m,0.42m,0.10m,0.28m,0.02m,10/18/1985,,0.82,,0.82,0.82,
Mach Rider,NES_b,Nintendo,HAL Laboratory,,,,,,,,,,10/18/1985,,#VALUE!,,0,0,
Stack-Up,NES_b,Nintendo,Nintendo R&D1,,,,,,,,,,10/18/1985,,#VALUE!,,0,0,
10-Yard Fight,NES_b,Nintendo,Irem Software Engineering,,,,,,,,,,10/18/1985,,#VALUE!,,0,0,
Donkey Kong Jr. Math,NES_b,Nintendo,Nintendo,,,,,,,,,,10/18/1985,,#VALUE!,,0,0,
Ultima IV: Quest of the Avatar,All_b,Origin Systems,Origin Systems,,,,0.40m,,,,,,11/1/1985,3/15/2021,#VALUE!,,0,0,
Ninja JaJaMaru-kun,NES_b,Jaleco,Jaleco Entertainment,,,,,,,,,,11/15/1985,,#VALUE!,,0,0,
Pac-Land,NES_b,Namco,Namco,,,,,,,,,,11/21/1985,,#VALUE!,,0,0,
Portopia Renzoku Satsujin Jiken,NES_b,Enix,ChunSoft,,,,,,,,,,11/25/1985,,#VALUE!,,0,0,
Portpia Renzoku Satsujin Jiken,NES_b,Enix,ChunSoft,,,,,,,,,,11/29/1985,,#VALUE!,,0,0,
Karateka,NES_b,Soft Pro,Broderbund Software,,,,,,,,,,12/5/1985,,#VALUE!,,0,0,
Star Luster,NES_b,Namco,Namco,,,,,,,,,,12/6/1985,,#VALUE!,,0,0,
Romance of the Three Kingdoms,Series_b,KOEI,Koei,,,,8.00m,,,,,,12/10/1985,2/15/2020,#VALUE!,,0,0,
Choujikuu Yousai Macross,NES_b,Bandai,Bandai,,,,,,,,,,12/10/1985,,#VALUE!,,0,0,
Dough Boy,NES_b,Kemco,Kemco,,,,,,,,,,12/11/1985,,#VALUE!,,0,0,
Fushihi no Oshiro Pit Pot,MS_b,Sega,Sega,,,,,,,,,,12/14/1985,,#VALUE!,,0,0,
Great Baseball (Japan),MS_b,Sega,Sega,,,,,,,,,,12/15/1985,,#VALUE!,,0,0,
Binary Land,NES_b,Hudson Soft,Hudson Soft,,,,,,,,,,12/19/1985,,#VALUE!,,0,0,
Satellite 7,MS_b,Sega,Sega,,,,,,,,,,12/20/1985,,#VALUE!,,0,0,
Exed Exes,NES_b,Tokuma Shoten,Micronics,,,,,,,,,,12/21/1985,,#VALUE!,,0,0,
Chessmaster,Series_b,Software Country,Ubisoft,,,,5.00m,,,,,,1/1/1986,3/22/2021,#VALUE!,,0,0,
Food Fight,7800_b,Atari,Atari,,,,,,,,,,1/1/1986,,#VALUE!,,0,0,
Ghost House,MS_b,Sega,Sega,,,,,,,,,,1/1/1986,,#VALUE!,,0,0,
Ghostbusters (1986),PC_b,Activision,Activision,,,,,,,,,,1/1/1986,,#VALUE!,,0,0,
Great Soccer (Japan),MS_b,Sega,Sega,,,,,,,,,,1/1/1986,,#VALUE!,,0,0,
Gunship,PC_b,Microprose,MicroProse,,,,,,,,,,1/1/1986,,#VALUE!,,0,0,
Hang On & Astro Warrior,MS_b,Sega,Sega,,,,,,,,,,1/1/1986,,#VALUE!,,0,0,
Hang On & Safari Hunt,MS_b,Sega,Sega,,,,,,,,,,1/1/1986,,#VALUE!,,0,0,
Hang On & Safari Hunt,MS_b,Sega,Sega,,,,,,,,,,1/1/1986,,#VALUE!,,0,0,
Howard the Duck,C64_b,Activision,Unknown,,,,,,,,,,1/1/1986,,#VALUE!,,0,0,
Impossible Mission,7800_b,Atari,Atari,,,,,,,,,,1/1/1986,,#VALUE!,,0,0,
Infiltrator,PC_b,Mindscape,Chris Gray Enterprises,,,,,,,,,,1/1/1986,,#VALUE!,,0,0,
Joust,7800_b,Atari,Atari,,,,,,,,,,1/1/1986,,#VALUE!,,0,0,
Karateka,PC_b,Broderbund,Broderbund Software,,,,,,,,,,1/1/1986,,#VALUE!,,0,0,
Marble Madness,PC_b,Electronic Arts,Electronic Arts,,,,,,,,,,1/1/1986,,#VALUE!,,0,0,
Marksman Shooting & Trap Shooting,MS_b,Sega,Sega,,,,,,,,,,1/1/1986,,#VALUE!,,0,0,
Marksman Shooting / Trap Shooting / Safari Hunt,MS_b,Sega,Sega,,,,,,,,,,1/1/1986,,#VALUE!,,0,0,
Metal Morph,SNES_b,FCI,Origin,,,,,,,,,,1/1/1986,,#VALUE!,,0,0,
My Hero,MS_b,Sega,Sega,,,,,,,,,,1/1/1986,,#VALUE!,,0,0,
Obelix,2600_b,Atari,Atari,,,,,,,,,,1/1/1986,,#VALUE!,,0,0,
Ogre,PC_b,Origin Systems,Origin,,,,,,,,,,1/1/1986,,#VALUE!,,0,0,
Perry Mason: Case of The Mandarin Murder,PC_b,Telarium,Telarium,,,,,,,,,,1/1/1986,,#VALUE!,,0,0,
Pole Position,PC_b,Thunder Mountain,Namco America Inc.,,,,,,,,,,1/1/1986,,#VALUE!,,0,0,
Pro Wrestling,MS_b,Sega,Sega,,,,,,,,,,1/1/1986,,#VALUE!,,0,0,
Rambo: First Blood Part II,MS_b,Sega,Sega,,,,,,,,,,1/1/1986,,#VALUE!,,0,0,
Reach for the Stars (1986),PC_b,Strategic Studies Group,Strategic Studies Group,,,,,,,,,,1/1/1986,,#VALUE!,,0,0,
Sim City 4: Rush Hour,PC_b,Electronic Arts,Microsoft,,7,,,,,,,,1/1/1986,,#VALUE!,,0,0,
Sky Kid,NES_b,Sunsoft,Namco,,,,,,,,,,1/1/1986,,#VALUE!,,0,0,
Space Harrier,MS_b,Sega,Sega-AM2,,,,,,,,,,1/1/1986,,#VALUE!,,0,0,
Spankys Quest,SNES_b,Natsume,Natsume,,,,,,,,,,1/1/1986,,#VALUE!,,0,0,
Speedball 2: Brutal Deluxe,GEN_b,Arena Entertainment,The Bitmap Brothers,,,,,,,,,,1/1/1986,,#VALUE!,,0,0,
Spider-Man/X-Men: Arcade's Revenge,GEN_b,Acclaim Entertainment,Software Creations,,,,,,,,,,1/1/1986,,#VALUE!,,0,0,
Starflight,PC_b,Electronic Arts,BinaryÂ Systems,,,,,,,,,,1/1/1986,,#VALUE!,,0,0,
Super Soccer,SNES_b,Nintendo,Nintendo,,,,,,,,,,1/1/1986,,#VALUE!,,0,0,
Super Tennis,MS_b,Sega,Sega,,,,,,,,,,1/1/1986,,#VALUE!,,0,0,
Tass Times in Tonetown,PC_b,Activision,Interplay,,,,,,,,,,1/1/1986,,#VALUE!,,0,0,
Teddy Boy,MS_b,Sega,Sega,,,,,,,,,,1/1/1986,,#VALUE!,,0,0,
The Black Cauldron,PC_b,Sierra Entertainment,Sierra On-Line,,,,,,,,,,1/1/1986,,#VALUE!,,0,0,
The Legend of Kyrandia: Malcolm's Revenge,PC_b,Virgin Interactive,Westwood Studios,,,,,,,,,,1/1/1986,,#VALUE!,,0,0,
Throne of Fire,C64_b,Melbourne House,Unknown,,,,,,,,,,1/1/1986,,#VALUE!,,0,0,
Transbot,MS_b,Sega,Sega,,,,,,,,,,1/1/1986,,#VALUE!,,0,0,
Wishbringer,ACPC_b,Infocom,Infocom,,,,,,,,,,1/1/1986,1/6/2018,#VALUE!,,0,0,
Wishbringer,Amig_b,Infocom,Unknown,,,,,,,,,,1/1/1986,,#VALUE!,,0,0,
Wizardry III: Legacy of Llylgamyn,PC_b,Sirtech,"Sir-tech Software, Inc.",,,,,,,,,,1/1/1986,,#VALUE!,,0,0,
World Grand Prix,MS_b,Sega,Sega,,,,,,,,,,1/1/1986,,#VALUE!,,0,0,
Hover Force,Int_b,INTV Corporation,Realtime Associates,,,,,,,,,,1/1/1986,1/13/2018,#VALUE!,,0,0,
Super Pro Football,Int_b,INTV Corporation,Realtime Associates,,,,,,,,,,1/1/1986,1/13/2018,#VALUE!,,0,0,
Thin Ice,Int_b,INTV Corporation,Mattel,,,,,,,,,,1/1/1986,1/13/2018,#VALUE!,,0,0,
Thunder Castle,Int_b,INTV Corporation,Mattel,,,,,,,,,,1/1/1986,1/13/2018,#VALUE!,,0,0,
Mean 18,All_b,Accolade,Microsmiths Inc.,,,,0.20m,,,,,,1/1/1986,4/25/2022,#VALUE!,,0,0,
Leather Goddesses of Phobos,PC_b,Infocom,"Infocom, Inc.",,,,0.13m,,,,,,1/1/1986,,#VALUE!,,0,0,
Ace of Aces,All_b,Accolade,Distinctive Software,,,,0.10m,,,,,,1/1/1986,4/23/2022,#VALUE!,,0,0,
Might and Magic: The Secret of the Inner Sanctum,All_b,New World Computing,New World Computing,,,,0.10m,,,,,,1/1/1986,3/13/2021,#VALUE!,,0,0,
PHM Pegasus,All_b,Electronic Arts,Lucasfilm Games,,,,0.10m,,,,,,1/1/1986,7/13/2021,#VALUE!,,0,0,
Roadwar,Series_b,Strategic Simulations,Strategic Simulations,,,,0.06m,,,,,,1/1/1986,3/25/2021,#VALUE!,,0,0,
Wargame Construction Set,All_b,Strategic Simulations,Strategic Simulations,,,,0.06m,,,,,,1/1/1986,3/25/2021,#VALUE!,,0,0,
Wizard's Crown,All_b,Strategic Simulations,Strategic Simulations,,,,0.05m,,,,,,1/1/1986,3/25/2021,#VALUE!,,0,0,
Roadwar 2000,All_b,Strategic Simulations,Strategic Simulations,,,,0.04m,,,,,,1/1/1986,3/25/2021,#VALUE!,,0,0,
Trinity,PC_b,Infocom,"Infocom, Inc.",,,,0.04m,,,,,,1/1/1986,,#VALUE!,,0,0,
Alter Ego,PC_b,Activision,Activision,,,,,0.03m,,0.03m,,0.00m,1/1/1986,,0.03,,0.03,0.03,
Phantasie II,All_b,Strategic Simulations,Strategic Simulations,,,,0.03m,,,,,,1/1/1986,3/25/2021,#VALUE!,,0,0,
Ballyhoo,PC_b,Infocom,"Infocom, Inc.",,,,0.03m,,,,,,1/1/1986,,#VALUE!,,0,0,
Rings of Zilfin,All_b,Strategic Simulations,Strategic Simulations,,,,0.02m,,,,,,1/1/1986,3/25/2021,#VALUE!,,0,0,
Hollywood Hijinx,PC_b,Infocom,"Infocom, Inc.",,,,0.01m,,,,,,1/1/1986,,#VALUE!,,0,0,
Shard of Spring,All_b,Strategic Simulations,TX Digital Illusions,,,,0.01m,,,,,,1/1/1986,3/25/2021,#VALUE!,,0,0,
Realms of Darkness,All_b,Strategic Simulations,Strategic Simulations,,,,0.01m,,,,,,1/1/1986,3/25/2021,#VALUE!,,0,0,
Gemstone Healer,All_b,Strategic Simulations,Paradigm Creators,,,,0.01m,,,,,,1/1/1986,3/25/2021,#VALUE!,,0,0,
221 B Baker St.,PC_b,Unknown,"IntelliCreations, Inc., Pacific Softech Inc.",,,,,,,,,,1/1/1986,,#VALUE!,,0,0,
A Mind Forever Voyaging,Amig_b,Infocom,"Infocom, Inc.",,,,,,,,,,1/1/1986,,#VALUE!,,0,0,
Action Fighter,MS_b,Sega,Sega,,,,,,,,,,1/1/1986,,#VALUE!,,0,0,
Alex Kidd in Miracle World,MS_b,Sega,Sega,,,,,,,,,,1/1/1986,,#VALUE!,,0,0,
All Night Nippon Super Mario Bros. (FDS),NES_b,Fuji,Nintendo R&D1,,,,,,,,,,1/1/1986,,#VALUE!,,0,0,
Alternate Reality: The City,PC_b,Unknown,Paradise Programming,,,,,,,,,,1/1/1986,,#VALUE!,,0,0,
Astro Warrior,MS_b,Sega,Sega,,,,,,,,,,1/1/1986,,#VALUE!,,0,0,
Astro Warrior / Pit Pot,MS_b,Sega,Sega,,,,,,,,,,1/1/1986,,#VALUE!,,0,0,
Bebe's Kids,SNES_b,Mandigo,Radical Entertainment,,,,,,,,,,1/1/1986,,#VALUE!,,0,0,
Big Bass Fishing,PS_b,Take-Two Interactive,Coresoft Games,,,,,,,,,,1/1/1986,,#VALUE!,,0,0,
Black Belt,MS_b,Sega,Sega,,,,,,,,,,1/1/1986,,#VALUE!,,0,0,
Boulder Dash II: Rockford's Revenge,PC_b,First Star Software,First Star Software,,,,,,,,,,1/1/1986,,#VALUE!,,0,0,
Choplifter,MS_b,Sega,Sega,,,,,,,,,,1/1/1986,,#VALUE!,,0,0,
Chubby Cherub,NES_b,Bandai,Bandai,,,,,,,,,,1/1/1986,,#VALUE!,,0,0,
Decathlon,C64_b,Activision,Unknown,,,,,,,,,,1/1/1986,,#VALUE!,,0,0,
Demon's Winter,PC_b,SSI,"Strategic Simulations, Inc.",,,,,,,,,,1/1/1986,,#VALUE!,,0,0,
Dr. Ruth's Computer Game of Good Sex,PC_b,Hasbro Interactive,Avalon Hill,,,,,,,,,,1/1/1986,,#VALUE!,,0,0,
Elite,ACPC_b,Firebird,Unknown,,,,,,,,,,1/1/1986,1/6/2018,#VALUE!,,0,0,
F-16 Fighting Falcon,MS_b,Sega,Sega,,,,,,,,,,1/1/1986,,#VALUE!,,0,0,
Fantasy Zone,MS_b,Sega,Sega,,,,,,,,,,1/1/1986,,#VALUE!,,0,0,
World Championship Baseball,Int_b,INTV Corporation,APh Technological Consulting,,,,,,,,,,1/1/1986,1/13/2018,#VALUE!,,0,0,
TwinBee,NES_b,Konami,Konami,,,,,1.20m,,,1.20m,,1/4/1986,,1.20,,1.20,1.2,
SonSon,NES_b,Capcom,Micronics,,,,,,,,,,2/8/1986,,#VALUE!,,0,0,
Super Mario Brothers (FDS),NES_b,Nintendo,Nintendo R&D1,,,,,,,,,,2/21/1986,,#VALUE!,,0,0,
The Hyrule Fantasy: Zelda no Densetsu (FDS),NES_b,Nintendo,Nintendo EAD,,,,,,,,,,2/21/1986,,#VALUE!,,0,0,
Ripper,All_b,Take-Two Interactive,Take-Two Interactive,,,,0.15m,,,,,,3/1/1986,3/27/2021,#VALUE!,,0,0,
Circus Charlie,NES_b,Soft Pro,Soft Pro International,,,,,,,,,,3/4/1986,,#VALUE!,,0,0,
Ninja Hattori Kun: Ninja wa Shuugyou Degogiru no Maki,NES_b,Hudson Soft,Hudson Soft,,,,,1.50m,,,1.50m,0.00m,3/5/1986,,1.50,,1.50,1.5,
Nazo no Murasame-Jou (FDS),NES_b,Nintendo,Nintendo EAD,,,,,0.57m,,,0.57m,,4/14/1986,,0.57,,0.57,0.57,
Comical MachineGun Joe,MS_b,Sega,Sega,,,,,,,,,,4/21/1986,,#VALUE!,,0,0,
Dragon Quest,Series_b,Square,ArtePiazza,,,,88.00m,,,,,,5/27/1986,2/27/2020,#VALUE!,,0,0,
DragonQuest,All_b,Enix,Simulations Publications,,,,0.01m,,,,,,5/27/1986,4/6/2021,#VALUE!,,0,0,
Mario Bros.,NES_b,Nintendo,Nintendo R&D1,,,,2.28m,,,,,,6/1/1986,,#VALUE!,,0,0,
Donkey Kong,NES_b,Nintendo,Nintendo,,,,1.13m,,,,,,6/1/1986,,#VALUE!,,0,0,
Donkey Kong Jr.,NES_b,Nintendo,Nintendo R&D1,,,,1.11m,,,,,,6/1/1986,,#VALUE!,,0,0,
Popeye,NES_b,Nintendo,Nintendo,,,,1.10m,,,,,,6/1/1986,,#VALUE!,,0,0,
Balloon Fight,NES_b,Nintendo,Nintendo R&D1,,,,,0.92m,0.39m,0.09m,0.43m,0.01m,6/1/1986,,0.92,,0.92,0.92,
Might and Magic: Book I,PC_b,New World Computing,"New World Computing, Inc.",,,,,,,,,,6/1/1986,,#VALUE!,,0,0,
Urban Champion,NES_b,Nintendo,Nintendo R&D1,,,,,,,,,,6/1/1986,,#VALUE!,,0,0,
Donkey Kong 3,NES_b,Nintendo,Nintendo R&D1,,,,,,,,,,6/1/1986,,#VALUE!,,0,0,
Super Mario Bros. 2 (FDS),NES_b,Nintendo,Nintendo EAD,,,,2.65m,,,,,,6/3/1986,,#VALUE!,,0,0,
B-Wings,NES_b,Data East,Data East,,,,,,,,,,6/3/1986,,#VALUE!,,0,0,
Bird Week,NES_b,Toshiba EMI,Lenar,,,,,,,,,,6/3/1986,,#VALUE!,,0,0,
Gumshoe,NES_b,Nintendo,Nintendo R&D1,,,,,,,,,,6/6/1986,,#VALUE!,,0,0,
The Chessmaster 2000,PC_b,Software Toolworks,Software Toolworks,,,,,,,,,,6/15/1986,,#VALUE!,,0,0,
Shanghai,All_b,Activision,Activision,,,,0.50m,,,,,,7/1/1986,9/1/2021,#VALUE!,,0,0,
Solaris,2600_b,Atari,Atari,,,,,0.37m,0.35m,0.02m,,0.00m,7/13/1986,,0.37,,0.37,0.37,
Babel no Tou,NES_b,Namco,Namco,,,,,,,,,,7/18/1986,,#VALUE!,,0,0,
Volleyball (FDS),NES_b,Nintendo,Nintendo R&D1,,,,,,,,,,7/21/1986,,#VALUE!,,0,0,
Ganbare Goemon! Karakuri Douchuu,NES_b,Konami,Konami,,,,,1.20m,,,1.20m,,7/30/1986,,1.20,,1.20,1.2,
Valkyrie no Bouken: Toki no Kagi Densetsu,NES_b,Namco,Namco,,,,,,,,,,8/1/1986,,#VALUE!,,0,0,
Metroid (FDS),NES_b,Nintendo,Nintendo R&D1,,,,,,,,,,8/6/1986,,#VALUE!,,0,0,
Hokuto no Ken,NES_b,Toei Animation,Shouei,,,,,,,,,,8/10/1986,,#VALUE!,,0,0,
Jajamaru no Daibouken,NES_b,Jaleco,Jaleco Entertainment,,,,,,,,,,8/22/1986,,#VALUE!,,0,0,
I am a Teacher: Super Mario no Sweater (FDS),NES_b,Unknown,Royal Kougyou,,,,,,,,,,8/27/1986,,#VALUE!,,0,0,
Mobile Suit Z Gundam: Hot Scramble,NES_b,Bandai,Game Studio,,,,,,,,,,8/28/1986,,#VALUE!,,0,0,
Tag Team Wrestling,NES_b,Data East,Data East,,,,,,,,,,9/1/1986,,#VALUE!,,0,0,
Koneko Monogatari: The Adventures of Chatran (FDS),NES_b,Pony Canyon,Pony Canyon,,,,,,,,,,9/19/1986,,#VALUE!,,0,0,
Super Xevious: Ganpu no Nazo,NES_b,Namco,Namco,,,,,,,,,,9/19/1986,,#VALUE!,,0,0,
Space Hunter,NES_b,Kemco,Kemco,,,,,,,,,,9/25/1986,,#VALUE!,,0,0,
Castlevania,Series_b,Konami,Konami,,,,21.63m,,,,,,9/26/1986,3/3/2020,#VALUE!,,0,0,
Akumajou Dracula (FDS),NES_b,Konami,Konami,,,,,,,,,,9/26/1986,,#VALUE!,,0,0,
Dragon Ball,Series_b,Bandai,Tose,,,,69.99m,,,,,,9/27/1986,3/5/2020,#VALUE!,,0,0,
Space Quest,Series_b,Sierra Online,Sierra On-Line,,,,1.20m,,,,,,10/1/1986,4/3/2021,#VALUE!,,0,0,
Tag Team Match M.U.S.C.L.E.,NES_b,Bandai,Bandai,,,,,1.05m,,,1.05m,0.00m,10/1/1986,,1.05,,1.05,1.05,
King's Quest III: To Heir Is Human,PC_b,Sierra Entertainment,Sierra Entertainment,,,,,,,,,,10/1/1986,,#VALUE!,,0,0,
Space Quest I: The Sarien Encounter,PC_b,Sierra Entertainment,Sierra On-Line,,,,,,,,,,10/1/1986,,#VALUE!,,0,0,
King's Quest III: To Heir Is Human,All_b,Sierra Online,Sierra On-Line,,,,0.25m,,,,,,10/1/1986,4/3/2021,#VALUE!,,0,0,
Othello (FDS),NES_b,Kawada,HAL Laboratory,,,,,,,,,,10/13/1986,,#VALUE!,,0,0,
Urusei Yatsura: Lum no Wedding Bell,NES_b,Jaleco,TOSE Software,,,,,,,,,,10/23/1986,,#VALUE!,,0,0,
Ninja Kid,NES_b,Bandai,TOSE Software,,,,,,,,,,10/29/1986,,#VALUE!,,0,0,
Ghosts 'n Goblins,NES_b,Capcom,Micronics,,,,1.64m,,,,,,11/1/1986,,#VALUE!,,0,0,
Commando,NES_b,Capcom,Capcom,,,,1.14m,,,,,,11/1/1986,,#VALUE!,,0,0,
1942,NES_b,Capcom,Capcom,,,,,1.00m,0.65m,0.14m,0.21m,,11/1/1986,,1.00,,1.00,1,
Karate Champ,NES_b,Data East,Data East,,,,,,,,,,11/1/1986,,#VALUE!,,0,0,
Zanac AI (FDS),NES_b,Pony Canyon,Compile,,,,,,,,,,11/28/1986,,#VALUE!,,0,0,
Top Gun,Series_b,Ocean Software,Ocean Software,,,,2.85m,,,,,,12/1/1986,9/21/2022,#VALUE!,,0,0,
Gradius,NES_b,Konami,Konami,,,,,1.36m,0.27m,0.08m,1.00m,0.01m,12/1/1986,,1.36,,1.36,1.36,
Ghosts 'n Goblins,C64_b,Elite,Unknown,,,,,,,,,,12/1/1986,,#VALUE!,,0,0,
Daiva Story 6: Imperial of Nirsartia,NES_b,Toshiba EMI,Tikipod,,,,,,,,,,12/5/1986,,#VALUE!,,0,0,
Famista,Series_b,Namco,Namco,,,,15.00m,,,,,,12/10/1986,2/22/2020,#VALUE!,,0,0,
Takeshi no Chousenjou,NES_b,Taito,Taito Corporation,,,,,,,,,,12/10/1986,,#VALUE!,,0,0,
Doraemon,NES_b,Hudson Soft,Hudson Soft,,,,,1.15m,,,1.15m,0.00m,12/12/1986,,1.15,,1.15,1.15,
Block Kuzushi (FDS),NES_b,Konami,Konami,,,,,,,,,,12/13/1986,,#VALUE!,,0,0,
Highschool! Kimengumi,MS_b,Sega,Sega,,,,,,,,,,12/15/1986,,#VALUE!,,0,0,
Metro-Cross,NES_b,Namco,Namco,,,,,,,,,,12/16/1986,,#VALUE!,,0,0,
Kid Icarus (FDS),NES_b,Nintendo,Nintendo R&D1,,,,,,,,,,12/19/1986,,#VALUE!,,0,0,
Knight Lore: Majou no Ookami Otoko (FDS),NES_b,Jaleco,Jaleco Entertainment,,,,,,,,,,12/19/1986,,#VALUE!,,0,0,
Deep Dungeon (FDS),NES_b,Square,Hummingbird Soft,,,,,,,,,,12/19/1986,,#VALUE!,,0,0,
Great Golf (Japan),MS_b,Sega,Sega,,,,,,,,,,12/20/1986,,#VALUE!,,0,0,
Kieta Princess (FDS),NES_b,Imagineer,Infinity,,,,,,,,,,12/20/1986,,#VALUE!,,0,0,
Crazy Climber,NES_b,Nihon Bussan,Nichibutsu,,,,,,,,,,12/26/1986,,#VALUE!,,0,0,
Bomberman,Series_b,Konami,Hudson Soft,,,,12.00m,,,,,,1/1/1987,2/19/2021,#VALUE!,,0,0,
Rad Racer,NES_b,Nintendo,SquareSoft,,,,1.96m,,,,,,1/1/1987,,#VALUE!,,0,0,
Galaga,7800_b,Atari,Namco,,,,,,,,,,1/1/1987,,#VALUE!,,0,0,
Gangster Town,MS_b,Sega,Sega,,,,,,,,,,1/1/1987,,#VALUE!,,0,0,
Gauntlet,NES_b,Tengen,Tengen,,,,,,,,,,1/1/1987,,#VALUE!,,0,0,
Gauntlet (Non Licensed),NES_b,Tengen,Tengen,,,,,,,,,,1/1/1987,,#VALUE!,,0,0,
Ghostbusters,MS_b,Sega,Compile,,,,,,,,,,1/1/1987,,#VALUE!,,0,0,
Global Defense,MS_b,Sega,Sega,,,,,,,,,,1/1/1987,,#VALUE!,,0,0,
Great Baseball,MS_b,Sega,Sega,,,,,,,,,,1/1/1987,,#VALUE!,,0,0,
Great Basketball,MS_b,Sega,Sega,,,,,,,,,,1/1/1987,,#VALUE!,,0,0,
Great Football,MS_b,Sega,Sega,,,,,,,,,,1/1/1987,,#VALUE!,,0,0,
Great Golf,MS_b,Sega,Sega,,,,,,,,,,1/1/1987,,#VALUE!,,0,0,
Great Ice Hockey,MS_b,Sega,Sega,,,,,,,,,,1/1/1987,,#VALUE!,,0,0,
Great Soccer,MS_b,Sega,Sega,,,,,,,,,,1/1/1987,,#VALUE!,,0,0,
Great Volleyball,MS_b,Sega,Sega,,,,,,,,,,1/1/1987,,#VALUE!,,0,0,
Gremlins,5200_b,Atari,Atari,,,,,,,,,,1/1/1987,,#VALUE!,,0,0,
Hat Trick,7800_b,Atari,Atari,,,,,,,,,,1/1/1987,,#VALUE!,,0,0,
Ikari Warriors,PC_b,Data East,"Quicksilver Software, Inc",,,,,,,,,,1/1/1987,,#VALUE!,,0,0,
Indiana Jones in Revenge of the Ancients,PC_b,Mindscape,"Angelsoft, Inc.",,,,,,,,,,1/1/1987,,#VALUE!,,0,0,
Inside Trader: The Authentic Stock Trading Game,PC_b,Unknown,"SoftServ, Inc.",,,,,,,,,,1/1/1987,,#VALUE!,,0,0,
Into the Eagle's Nest,PC_b,Mindscape,Pandora,,,,,,,,,,1/1/1987,,#VALUE!,,0,0,
Kung Fu Kid,MS_b,Sega,Sega,,,,,,,,,,1/1/1987,,#VALUE!,,0,0,
Kung Fu Superkicks: Pursuit of The Ninja,2600_b,Telegames,"Telegames, Inc.",,,,,,,,,,1/1/1987,,#VALUE!,,0,0,
Laser Surgeon: The Microscopic Mission,PC_b,Activision,"Synergistic Software, Inc.",,,,,,,,,,1/1/1987,,#VALUE!,,0,0,
Mario Bros.,7800_b,Atari,Atari,,,,,,,,,,1/1/1987,,#VALUE!,,0,0,
Maze Hunter 3-D,MS_b,Sega,Sega,,,,,,,,,,1/1/1987,,#VALUE!,,0,0,
Mercs,MS_b,Sega,Sega,,,,,,,,,,1/1/1987,,#VALUE!,,0,0,
Missile Defense 3-D,MS_b,Sega,Sega,,,,,,,,,,1/1/1987,,#VALUE!,,0,0,
Mixed-Up Mother Goose,PC_b,Sierra Entertainment,"Sierra On-Line, Inc.",,,,,,,,,,1/1/1987,,#VALUE!,,0,0,
Moebius,PC_b,Origin Systems,Origin,,,,,,,,,,1/1/1987,,#VALUE!,,0,0,
Moebius: The Orb of Celestial Harmony,PC_b,Origin Systems,"Origin Systems, Inc.",,,,,,,,,,1/1/1987,,#VALUE!,,0,0,
Ms. Pac-Man,7800_b,Atari,Atari,,,,,,,,,,1/1/1987,,#VALUE!,,0,0,
Nethack,PC_b,Unknown,The NetHack DevTeam,,,,,,,,,,1/1/1987,,#VALUE!,,0,0,
One-on-One Basketball,7800_b,Atari,Atari,,,,,,,,,,1/1/1987,,#VALUE!,,0,0,
OutRun,MS_b,Sega,Sega-AM2,,,,,,,,,,1/1/1987,,#VALUE!,,0,0,
Pac-Man (Tengen),NES_b,Tengen,Namco,,,,,,,,,,1/1/1987,,#VALUE!,,0,0,
Pirates!,PC_b,Microprose,MicroProse,,,,,,,,,,1/1/1987,,#VALUE!,,0,0,
Pole Position II,7800_b,Atari,Atari,,,,,,,,,,1/1/1987,,#VALUE!,,0,0,
Police Quest: In Pursuit of the Death Angel,PC_b,Sierra Entertainment,Sierra On-Line,,,,,,,,,,1/1/1987,,#VALUE!,,0,0,
Predator,ACPC_b,Activision,Nippon Ichi Software / Gust,,,,,,,,,,1/1/1987,,#VALUE!,,0,0,
Quartet,MS_b,Sega,Sega,,,,,,,,,,1/1/1987,,#VALUE!,,0,0,
Roadwar 2000,PC_b,SSI,"Strategic Simulations, Inc.",,,,,,,,,,1/1/1987,,#VALUE!,,0,0,
Robotron: 2084,7800_b,Atari,"Williams Electronic Games, Inc.",,,,,,,,,,1/1/1987,,#VALUE!,,0,0,
Rocky,MS_b,Sega,Sega,,,,,,,,,,1/1/1987,,#VALUE!,,0,0,
S.D.I,PC_b,Cinemaware,Master Designer Software,,,,,,,,,,1/1/1987,,#VALUE!,,0,0,
Saint Seiya: Ougon Densetsu,NES_b,Bandai,Bandai,,,,,,,,,,1/1/1987,,#VALUE!,,0,0,
Shooting Gallery,MS_b,Sega,Sega,,,,,,,,,,1/1/1987,,#VALUE!,,0,0,
Side Pocket,NES_b,Namco,Data East,,,,,,,,,,1/1/1987,,#VALUE!,,0,0,
Skate Boardin': A Radical Adventure,2600_b,Absolute Entertainment,Absolute Entertainment,,,,,,,,,,1/1/1987,,#VALUE!,,0,0,
Solomon's Key,NES_b,Nintendo,Nintendo,,,,,,,,,,1/1/1987,,#VALUE!,,0,0,
Space Quest II: Vohaul's Revenge,PC_b,Sierra Entertainment,Sierra On-Line,,,,,,,,,,1/1/1987,,#VALUE!,,0,0,
Sports Pad Football,MS_b,Sega,Sega,,,,,,,,,,1/1/1987,,#VALUE!,,0,0,
Spy vs Spy: Arctic Antics,PC_b,First Star Software,First Star Software,,,,,,,,,,1/1/1987,,#VALUE!,,0,0,
Star Trek: The Rebel Universe,AST_b,Simon & Schuster Interactive,Unknown,,,,,,,,,,1/1/1987,,#VALUE!,,0,0,
Star Trek: The Rebel Universe,Amig_b,Simon & Schuster Interactive,Unknown,,,,,,,,,,1/1/1987,,#VALUE!,,0,0,
Star Trek: The Rebel Universe,C64_b,Simon & Schuster Interactive,Unknown,,,,,,,,,,1/1/1987,,#VALUE!,,0,0,
Star Wars,PC_b,Broderbund,Atari,,,,,,,,,,1/1/1987,,#VALUE!,,0,0,
Stinger,NES_b,Konami,Konami,,,,,,,,,,1/1/1987,,#VALUE!,,0,0,
Summer Games,7800_b,Atari,Atari,,,,,,,,,,1/1/1987,,#VALUE!,,0,0,
Summer Games,2600_b,Epyx,Epyx,,,,,,,,,,1/1/1987,,#VALUE!,,0,0,
T2: The Arcade Game,C64_b,ProbeÂ EntertainmentÂ Ltd.,Unknown,,,,,,,,,,1/1/1987,,#VALUE!,,0,0,
The Ancient Art of War at Sea,PC_b,Broderbund,Evryware,,,,,,,,,,1/1/1987,,#VALUE!,,0,0,
The Great Escape (original),PC_b,Thunder Mountain,Denton Designs,,,,,,,,,,1/1/1987,,#VALUE!,,0,0,
The Great Giana Sisters,MSX_b,Rainbow Arts,Unknown,,,,,,,,,,1/1/1987,,#VALUE!,,0,0,
The Great Giana Sisters,AST_b,Rainbow Arts,Unknown,,,,,,,,,,1/1/1987,,#VALUE!,,0,0,
The Great Giana Sisters,ACPC_b,Rainbow Arts,Time Warp Productions,,,,,,,,,,1/1/1987,1/6/2018,#VALUE!,,0,0,
The Great Giana Sisters,Amig_b,Rainbow Arts,Unknown,,,,,,,,,,1/1/1987,,#VALUE!,,0,0,
The Great Giana Sisters,C64_b,Rainbow Arts,Unknown,,,,,,,,,,1/1/1987,,#VALUE!,,0,0,
The Great Giana Sisters,BRW_b,Rainbow Arts,Unknown,,,,,,,,,,1/1/1987,,#VALUE!,,0,0,
The Guild of Thieves,PC_b,Rainbird,Magnetic Scrolls,,,,,,,,,,1/1/1987,,#VALUE!,,0,0,
The King of Chicago,PC_b,Mindscape,Cinemaware,,,,,,,,,,1/1/1987,,#VALUE!,,0,0,
The Last Ninja,PC_b,Activision,Activision,,,,,,,,,,1/1/1987,,#VALUE!,,0,0,
The Ninja,MS_b,Sega,Sega,,,,,,,,,,1/1/1987,,#VALUE!,,0,0,
"The Wizardry Trilogy: Scenarios I, II & III",PC_b,Sirtech,Sir-Tech Software Inc.,,,,,,,,,,1/1/1987,,#VALUE!,,0,0,
Thexder,PC_b,Sierra Online,"Game Arts Co., Ltd.",,,,,,,,,,1/1/1987,,#VALUE!,,0,0,
Throne of Fire,ACPC_b,Melbourne House,Unknown,,,,,,,,,,1/1/1987,1/6/2018,#VALUE!,,0,0,
Title Match Pro Wrestling,2600_b,Absolute Entertainment,Absolute Entertainment,,,,,,,,,,1/1/1987,,#VALUE!,,0,0,
Trantor: The Last Stormtrooper,ZXS_b,ProbeÂ EntertainmentÂ Ltd.,Probe Software,,,,,,,,,,1/1/1987,,#VALUE!,,0,0,
Trantor: The Last Stormtrooper,MSX_b,ProbeÂ EntertainmentÂ Ltd.,Probe Software,,,,,,,,,,1/1/1987,,#VALUE!,,0,0,
Trantor: The Last Stormtrooper,Amig_b,ProbeÂ EntertainmentÂ Ltd.,Probe Software,,,,,,,,,,1/1/1987,,#VALUE!,,0,0,
Twin Cobra,Arc_b,Romstar,Unknown,,,,,,,,,,1/1/1987,,#VALUE!,,0,0,
Wargame Construction Set,PC_b,"Strategic Simulations, Inc",Strategic Simulations Inc,,,,,,,,,,1/1/1987,,#VALUE!,,0,0,
Wheel of Fortune,NES_b,GameTek,Rare Ltd.,,,,,,,,,,1/1/1987,,#VALUE!,,0,0,
Winter Games,7800_b,Atari,Atari,,,,,,,,,,1/1/1987,,#VALUE!,,0,0,
Winter Games,2600_b,Epyx,Epyx,,,,,,,,,,1/1/1987,,#VALUE!,,0,0,
Wizard's Crown,PC_b,SSI,"Strategic Simulations, Inc.",,,,,,,,,,1/1/1987,,#VALUE!,,0,0,
Wizardry: Proving Grounds of the Mad Overlord,NES_b,ASCII Entertainment,Game Studio,,,,,,,,,,1/1/1987,,#VALUE!,,0,0,
Wizball,ACPC_b,Ocean Software,Sensible Software,,,,,,,,,,1/1/1987,1/6/2018,#VALUE!,,0,0,
Wizball,ZXS_b,Ocean Software,Unknown,,,,,,,,,,1/1/1987,,#VALUE!,,0,0,
Wizball,C64_b,Ocean Software,Unknown,,,,,,,,,,1/1/1987,,#VALUE!,,0,0,
Wonder Boy,MS_b,Sega,Sega,,,,,,,,,,1/1/1987,,#VALUE!,,0,0,
Xevious,7800_b,Atari,Atari,,,,,,,,,,1/1/1987,,#VALUE!,,0,0,
Zaxxon 3-D,MS_b,Sega,Sega,,,,,,,,,,1/1/1987,,#VALUE!,,0,0,
Zillion,MS_b,Sega,Tatsunoko Productions,,,,,,,,,,1/1/1987,,#VALUE!,,0,0,
Aliens: The Computer Game (Software Studios),ACPC_b,Electric Dreams Software,Software Studios,,,,,,,,,,1/1/1987,1/8/2018,#VALUE!,,0,0,
Chip Shot: Super Pro Golf,Int_b,INTV Corporation,Realtime Associates,,,,,,,,,,1/1/1987,1/13/2018,#VALUE!,,0,0,
Commando,Int_b,INTV Corporation,Realtime Associates,,,,,,,,,,1/1/1987,1/13/2018,#VALUE!,,0,0,
Dig Dug,Int_b,INTV Corporation,Atari,,,,,,,,,,1/1/1987,1/13/2018,#VALUE!,,0,0,
Diner,Int_b,INTV Corporation,Realtime Associates,,,,,,,,,,1/1/1987,1/13/2018,#VALUE!,,0,0,
Learning Fun I,Int_b,INTV Corporation,Realtime Associates,,,,,,,,,,1/1/1987,1/13/2018,#VALUE!,,0,0,
Learning Fun II,Int_b,INTV Corporation,Realtime Associates,,,,,,,,,,1/1/1987,1/13/2018,#VALUE!,,0,0,
Slam Dunk: Super Pro Basketball,Int_b,INTV Corporation,Realtime Associates,,,,,,,,,,1/1/1987,1/13/2018,#VALUE!,,0,0,
Slap Shot: Super Pro Hockey,Int_b,INTV Corporation,Realtime Associates,,,,,,,,,,1/1/1987,1/13/2018,#VALUE!,,0,0,
Tower of Doom,Int_b,INTV Corporation,Realtime Associates,,,,,,,,,,1/1/1987,1/13/2018,#VALUE!,,0,0,
Test Drive (1987),All_b,Accolade,Distinctive Software,,,,0.50m,,,,,,1/1/1987,4/23/2022,#VALUE!,,0,0,
Top Gun,PC_b,Thunder Mountain,Ocean Software,,,,0.50m,,,,,,1/1/1987,,#VALUE!,,0,0,
RealSports Boxing,2600_b,Atari,Atari,,,,,0.29m,0.28m,0.02m,,0.00m,1/1/1987,,0.29,,0.29,0.29,
Grand Prix Simulator,All_b,Codemasters,Codemasters,,,,0.25m,,,,,,1/1/1987,7/18/2021,#VALUE!,,0,0,
The Ancient Art of War at Sea,All_b,Broderbund,Evryware,,,,0.10m,,,,,,1/1/1987,10/5/2022,#VALUE!,,0,0,
The Fool's Errand,All_b,Miles Computing,Cliff Johnson,,,,0.10m,,,,,,1/1/1987,4/8/2021,#VALUE!,,0,0,
Phantasie III: The Wrath of Nikademus,All_b,Strategic Simulations,Strategic Simulations,,,,0.05m,,,,,,1/1/1987,3/25/2021,#VALUE!,,0,0,
Bureaucracy,PC_b,Infocom,"Infocom, Inc.",,,,0.04m,,,,,,1/1/1987,,#VALUE!,,0,0,
The Lurking Horror,PC_b,Infocom,"Infocom, Inc.",,,,0.02m,,,,,,1/1/1987,,#VALUE!,,0,0,
Sherlock: The Riddle of the Crown Jewels,PC_b,Infocom,Challenge Inc.,,,,0.02m,,,,,,1/1/1987,,#VALUE!,,0,0,
Stationfall,PC_b,Infocom,"Infocom, Inc.",,,,0.02m,,,,,,1/1/1987,,#VALUE!,,0,0,
Roadwar Europa,All_b,Strategic Simulations,Strategic Simulations,,,,0.02m,,,,,,1/1/1987,3/25/2021,#VALUE!,,0,0,
The Eternal Dagger,All_b,Strategic Simulations,Strategic Simulations,,,,0.02m,,,,,,1/1/1987,3/25/2021,#VALUE!,,0,0,
Nord and Bert Couldn't Make Head or Tail of It,PC_b,Infocom,"Infocom, Inc.",,,,0.02m,,,,,,1/1/1987,,#VALUE!,,0,0,
Plundered Hearts,PC_b,Infocom,"Infocom, Inc.",,,,0.02m,,,,,,1/1/1987,,#VALUE!,,0,0,
Border Zone,PC_b,Infocom,"Infocom, Inc.",,,,0.01m,,,,,,1/1/1987,,#VALUE!,,0,0,
2400 A.D.,PC_b,Origin Systems,"Origin Systems, Inc.",,,,,,,,,,1/1/1987,,#VALUE!,,0,0,
ALF: The First Adventure,PC_b,Unknown,Unknown,,,,,,,,,,1/1/1987,,#VALUE!,,0,0,
Aliens: The Computer Game,ZXS_b,Electric Dreams Software,Activision,,,,,,,,,,1/1/1987,,#VALUE!,,0,0,
Aliens: The Computer Game (Activision),ACPC_b,Electric Dreams Software,Activision,,,,,,,,,,1/1/1987,1/6/2018,#VALUE!,,0,0,
Anacreon: Reconstruction 4021,PC_b,Unknown,Thinking Machine Associates,,,,,,,,,,1/1/1987,,#VALUE!,,0,0,
Asteroids,7800_b,Atari,Atari,,,,,,,,,,1/1/1987,,#VALUE!,,0,0,
Auf Wiedersehen Monty,ACPC_b,Gremlin Graphics,Gremlin Graphics,,,,,,,,,,1/1/1987,1/7/2018,#VALUE!,,0,0,
Auf Wiedersehen Monty: ZX Spectrum,MSX_b,Gremlin Graphics,Unknown,,,,,,,,,,1/1/1987,,#VALUE!,,0,0,
Auf Wiedersehen Monty: ZX Spectrum,C64_b,Gremlin Graphics,Unknown,,,,,,,,,,1/1/1987,,#VALUE!,,0,0,
Auf Wiedersehen Monty: ZX Spectrum,ZXS_b,Gremlin Graphics,Unknown,,,,,,,,,,1/1/1987,,#VALUE!,,0,0,
Bad Street Brawler,PC_b,Mindscape,Beam Software,,,,,,,,,,1/1/1987,,#VALUE!,,0,0,
Bank Panic,MS_b,Sega,Sanritsu,,,,,,,,,,1/1/1987,,#VALUE!,,0,0,
Boulder Dash Construction Kit,PC_b,Epyx,"IBID, Inc.",,,,,,,,,,1/1/1987,,#VALUE!,,0,0,
Brian Clough's Football Fortunes,PC_b,Unknown,CDS Software Ltd,,,,,,,,,,1/1/1987,,#VALUE!,,0,0,
California Games,PC_b,Epyx,Epyx,,,,,,,,,,1/1/1987,,#VALUE!,,0,0,
Centipede,7800_b,Atari,Atari,,,,,,,,,,1/1/1987,,#VALUE!,,0,0,
Choplifter!,7800_b,Atari,"IBID, Inc.",,,,,,,,,,1/1/1987,,#VALUE!,,0,0,
Crazy Cars,PC_b,Titus,Titus France SA,,,,,,,,,,1/1/1987,,#VALUE!,,0,0,
Crossbow,2600_b,Atari,Atari,,,,,,,,,,1/1/1987,,#VALUE!,,0,0,
Dark Castle,PC_b,Unknown,"Silicon Beach Software, Inc.",,,,,,,,,,1/1/1987,,#VALUE!,,0,0,
Desert Falcon,7800_b,Atari,Atari,,,,,,,,,,1/1/1987,,#VALUE!,,0,0,
Dig Dug,7800_b,Atari,Atari,,,,,,,,,,1/1/1987,,#VALUE!,,0,0,
Elite,PC_b,Unknown,Frontier Developments,,,,,,,,,,1/1/1987,,#VALUE!,,0,0,
Elite,MSX_b,Firebird,Unknown,,,,,,,,,,1/1/1987,,#VALUE!,,0,0,
Enduro Racer,MS_b,Sega,Sega-AM2,,,,,,,,,,1/1/1987,,#VALUE!,,0,0,
Falcon,PC_b,Spectrum Holobyte,Sphere,,,,,,,,,,1/1/1987,,#VALUE!,,0,0,
Fantasy Zone II,MS_b,Sega,Sega,,,,,,,,,,1/1/1987,,#VALUE!,,0,0,
Fatal Run,7800_b,Atari,Sculptured Software,,,,,,,,,,1/1/1987,,#VALUE!,,0,0,
Dragon Buster,NES_b,Namco,Namco,,,,,,,,,,1/7/1987,,#VALUE!,,0,0,
The Legend of Zelda 2: Link no Bouken (FDS),NES_b,Nintendo,Nintendo EAD,,,,,,,,,,1/14/1987,,#VALUE!,,0,0,
Ultraman: Kaijuu Teikoku no Gyakushuu (FDS),NES_b,Bandai,Tsuburaya Prod.,,,,,,,,,,1/29/1987,,#VALUE!,,0,0,
Trojan,NES_b,Capcom,Capcom,,,,,,,,,,2/1/1987,,#VALUE!,,0,0,
Sherlock Holmes: Loretta no Shouzou,MS_b,Sega,Sega,,,,,,,,,,2/18/1987,,#VALUE!,,0,0,
Pocket Zaurus: Ju Ouken no Nazo,NES_b,Bandai,Bandai,,,,,,,,,,2/27/1987,,#VALUE!,,0,0,
Pro Wrestling,NES_b,Nintendo,TRY Corporation,,,,2.40m,,,,,,3/1/1987,,#VALUE!,,0,0,
Volleyball,NES_b,Nintendo,Nintendo R&D1,,,,2.15m,,,,,,3/1/1987,,#VALUE!,,0,0,
Soccer,NES_b,Nintendo,"Iwasaki Electronics Co., Ltd.",,,,1.96m,,,,,,3/1/1987,,#VALUE!,,0,0,
Super Lode Runner (FDS),NES_b,Irem Software Engineering,Broderbund,,,,,,,,,,3/5/1987,,#VALUE!,,0,0,
Tobidase Daisakusen (FDS),NES_b,Square,Square,,,,,,,,,,3/12/1987,,#VALUE!,,0,0,
Woody Pop: Shinjinrui no Block Kuzushi,MS_b,Sega,Sega,,,,,,,,,,3/15/1987,,#VALUE!,,0,0,
Nankoku Shirei!! Spy vs Spy,NES_b,Kemco,Kemco,,,,,,,,,,3/27/1987,,#VALUE!,,0,0,
Winter Games (FDS),NES_b,Pony Canyon,Atelier Double,,,,,,,,,,3/27/1987,,#VALUE!,,0,0,
Rush'n Attack,NES_b,Konami,Konami,,,,,,,,,,4/1/1987,,#VALUE!,,0,0,
Track & Field,NES_b,Konami,Konami,,,,,,,,,,4/1/1987,,#VALUE!,,0,0,
Sanma no Meitantei,NES_b,Namco,Namco,,,,,,,,,,4/2/1987,,#VALUE!,,0,0,
Morita Shogi,NES_b,Seta Corporation,Random House,,,,,,,,,,4/14/1987,,#VALUE!,,0,0,
Rygar,Series_b,Tecmo,Tecmo,,,,1.50m,,,,,,4/17/1987,2/8/2020,#VALUE!,,0,0,
Sukeban Deka II: Keiji Shoujo Tetsu Kamen Densetsu,MS_b,Sega,Sega,,,,,,,,,,4/19/1987,,#VALUE!,,0,0,
Family Jockey,NES_b,Namco,Namco,,,,,,,,,,4/24/1987,,#VALUE!,,0,0,
Castlevania,NES_b,Konami,Konami,,,,,1.23m,0.54m,0.06m,0.62m,0.01m,5/1/1987,,1.23,,1.23,1.23,
Ikari Warriors,NES_b,SNK,Micronics,,,,,,,,,,5/1/1987,,#VALUE!,,0,0,
Kinnikuman: Kinniku Ookurai Soudatsusen (FDS),NES_b,Bandai,Bandai,,,,,,,,,,5/1/1987,,#VALUE!,,0,0,
BurgerTime,NES_b,Data East,Data East,,,,,,,,,,5/1/1987,,#VALUE!,,0,0,
Kung-Fu Master,2600_b,Activision,Activision,,,,,0.65m,0.60m,0.04m,,0.01m,5/12/1987,,0.65,,0.65,0.65,
Youkai Club,NES_b,Jaleco,Jaleco Entertainment,,,,,,,,,,5/19/1987,,#VALUE!,,0,0,
Family Trainer: Jogging Race,NES_b,Bandai,Bandai,,,,,,,,,,5/28/1987,,#VALUE!,,0,0,
Heracles no Eikou: Toujin Makyouden,NES_b,Data East,Data East,,,,,,,,,,6/12/1987,,#VALUE!,,0,0,
Desert Falcon,2600_b,Atari,Atari,,,,,0.26m,0.24m,0.01m,,0.00m,6/14/1987,,0.26,,0.26,0.26,
Ys,Series_b,Nihon Falcom Corp,Nihon Falcom,,,,4.80m,,,,,,6/21/1987,2/9/2021,#VALUE!,,0,0,
Kid Icarus,Series_b,Nintendo,Nintendo,,,,3.13m,,,,,,7/1/1987,5/10/2022,#VALUE!,,0,0,
Mighty Bomb Jack,NES_b,Tecmo,Tecmo,,,,,,,,,,7/1/1987,,#VALUE!,,0,0,
Rygar,NES_b,Tecmo,Tecmo,,,,,,,,,,7/1/1987,,#VALUE!,,0,0,
Section-Z,NES_b,Capcom,Capcom,,,,,,,,,,7/1/1987,,#VALUE!,,0,0,
Athletic World,NES_b,Bandai,Bandai,,,,,,,,,,7/1/1987,,#VALUE!,,0,0,
Leisure Suit Larry,Series_b,Sierra Online,Sierra On-Line,,,,2.00m,,,,,,7/5/1987,4/8/2021,#VALUE!,,0,0,
Leisure Suit Larry in the Land of the Lounge Lizards,All_b,Sierra Online,Sierra On-Line,,,,0.25m,,,,,,7/5/1987,4/7/2021,#VALUE!,,0,0,
Metal Gear,Series_b,Konami,Konami,,,,60.00m,,,,,,7/13/1987,2/26/2020,#VALUE!,,0,0,
The Legend of Zelda,Series_b,Nintendo,Nintendo,,,,149.34m,,,,,,7/14/1987,2/3/2020,#VALUE!,,0,0,
Devil World,NES_b,Nintendo,Nintendo R&D1,,,,,,,,,,7/15/1987,,#VALUE!,,0,0,
Fantasy Zone,NES_b,Sunsoft,SunSoft,,,,,,,,,,7/20/1987,,#VALUE!,,0,0,
Chester Field: Ankoku Shin heno Chousen,NES_b,Victory Lap Games,Vic Tokai,,,,,,,,,,7/30/1987,,#VALUE!,,0,0,
Family Trainer: Meiro Daisakusen,NES_b,Bandai,Bandai,,,,,,,,,,7/31/1987,,#VALUE!,,0,0,
Kid Icarus,NES_b,Nintendo,Nintendo R&D1,,,,1.76m,,,,,,8/1/1987,,#VALUE!,,0,0,
Slalom,NES_b,Nintendo,Rare Ltd.,,,,,,,,,,8/1/1987,,#VALUE!,,0,0,
The Legend of Kage,NES_b,Taito,Taito Corporation,,,,,,,,,,8/1/1987,,#VALUE!,,0,0,
Arkanoid,NES_b,Taito,Taito Corporation,,,,,,,,,,8/1/1987,,#VALUE!,,0,0,
Athena,NES_b,SNK,Micronics,,,,,,,,,,8/1/1987,,#VALUE!,,0,0,
Elevator Action,NES_b,Taito,Micronics,,,,,,,,,,8/1/1987,,#VALUE!,,0,0,
Arumana no Kiseki (FDS),NES_b,Konami,Konami,,,,,,,,,,8/11/1987,,#VALUE!,,0,0,
Family Mahjong,NES_b,Namco,Nihon Bussan,,,,,,,,,,8/11/1987,,#VALUE!,,0,0,
Metroid,Series_b,Nintendo,Nintendo,,,,18.03m,,,,,,8/15/1987,2/19/2020,#VALUE!,,0,0,
Metroid,NES_b,Nintendo,Nintendo R&D1,,,,2.73m,,,,,,8/15/1987,,#VALUE!,,0,0,
Mugen Senshi Valis,NES_b,Tokuma Shoten,Tokuma Shoten,,,,,,,,,,8/21/1987,,#VALUE!,,0,0,
The Legend of Zelda,NES_b,Nintendo,Nintendo EAD,,9,,6.51m,,,,,,8/22/1987,,#VALUE!,,0,0,
Super Lode Runner II (FDS),NES_b,Irem Software Engineering,Broderbund,,,,,,,,,,8/25/1987,,#VALUE!,,0,0,
Street Fighter,Series_b,Capcom,Capcom,,,,52.00m,,,,,,8/30/1987,2/3/2020,#VALUE!,,0,0,
World Class Track Meet,NES_b,Bandai,Bandai,,,,3.08m,,,,,,9/1/1987,,#VALUE!,,0,0,
Lode Runner,NES_b,Broderbund,Hudson Soft,,,,,1.10m,,,1.10m,0.00m,9/1/1987,,1.10,,1.10,1.1,
Raid on Bungeling Bay,NES_b,Broderbund,Hudson Soft,,,,,,,,,,9/1/1987,,#VALUE!,,0,0,
Ring King,NES_b,Data East,Namco,,,,,,,,,,9/1/1987,,#VALUE!,,0,0,
Spelunker,NES_b,Broderbund,Micro Graphic Image,,,,,,,,,,9/1/1987,,#VALUE!,,0,0,
Spy Hunter,NES_b,Sunsoft,SunSoft,,,,,,,,,,9/1/1987,,#VALUE!,,0,0,
Sqoon,NES_b,Irem Software Engineering,Irem Software Engineering,,,,,,,,,,9/1/1987,,#VALUE!,,0,0,
Star Voyager,NES_b,Acclaim Entertainment,ASCII Entertainment,,,,,,,,,,9/1/1987,,#VALUE!,,0,0,
Tiger-Heli,NES_b,Acclaim Entertainment,Micronics,,,,,,,,,,9/1/1987,,#VALUE!,,0,0,
Winter Games,NES_b,Acclaim Entertainment,Pony Canyon,,,,,,,,,,9/1/1987,,#VALUE!,,0,0,
3-D WorldRunner,NES_b,Acclaim Entertainment,Square,,,,,,,,,,9/1/1987,,#VALUE!,,0,0,
Deadly Towers,NES_b,Broderbund,Lenar,,,,,,,,,,9/1/1987,,#VALUE!,,0,0,
Double Dribble,NES_b,Konami,Konami,,,,,,,,,,9/1/1987,,#VALUE!,,0,0,
Famicom Mukashi Banashi: Shin Oniga Shima - Zenpen (FDS),NES_b,Nintendo,Pax Softonica,,,,,,,,,,9/4/1987,,#VALUE!,,0,0,
Zoids: Chuuou Tairiku no Tatakai,NES_b,Toshiba EMI,Micronics,,,,,,,,,,9/5/1987,,#VALUE!,,0,0,
SWAT: Special Weapons and Tactics,NES_b,Toei Animation,Shouei,,,,,,,,,,9/11/1987,,#VALUE!,,0,0,
Digital Devil Story: Megami Tensei,NES_b,Namco,Atlus Co.,,,,,,,,,,9/11/1987,,#VALUE!,,0,0,
Beyond Zork: The Coconut of Quendor,PC_b,Infocom,Infocom,,,,0.05m,,,,,,9/15/1987,,#VALUE!,,0,0,
Spelunker II: Yuushahe no Chousen,NES_b,Irem Software Engineering,Irem Software Engineering,,,,,,,,,,9/18/1987,,#VALUE!,,0,0,
Tsuppari Oozumou,NES_b,Tecmo,Tecmo,,,,,,,,,,9/18/1987,,#VALUE!,,0,0,
Bio Senshi Dan: Increaser tono Tatakai,NES_b,Jaleco,Jaleco Entertainment,,,,,,,,,,9/22/1987,,#VALUE!,,0,0,
Dungeon,PC_b,Unknown,Infocom,,,,,,,,,,9/25/1987,,#VALUE!,,0,0,
Famicom Mukashi Banashi: Shin Oniga Shima - Kouhen (FDS),NES_b,Nintendo,Pax Softonica,,,,,,,,,,9/30/1987,,#VALUE!,,0,0,
Mike Tyson's Punch-Out!!,NES_b,Nintendo,Nintendo IRD,,,,3.02m,,,,,,10/1/1987,,#VALUE!,,0,0,
Lunar Pool,NES_b,FCI,Compile,,,,,,,,,,10/1/1987,,#VALUE!,,0,0,
Maniac Mansion,PC_b,LucasArts,Lucasfilm Games,,,,,,,,,,10/1/1987,,#VALUE!,,0,0,
Zanac,NES_b,FCI,Compile,,,,,,,,,,10/1/1987,,#VALUE!,,0,0,
Ski Crazed,ApII_b,Baudville,Naughty Dog,,,,0.00m,,,,,,10/1/1987,9/30/2022,#VALUE!,,0,0,
Alpha Mission,NES_b,SNK,SNK Corporation,,,,,,,,,,10/1/1987,,#VALUE!,,0,0,
Sword of Kalin (FDS),NES_b,Square,Xtalsoft,,,,,,,,,,10/2/1987,,#VALUE!,,0,0,
Esper Boukentai,NES_b,Jaleco,Jaleco Entertainment,,,,,,,,,,10/13/1987,,#VALUE!,,0,0,
Mahjong Sengoku Jidai,MS_b,Sega,Sega,,,,,,,,,,10/18/1987,,#VALUE!,,0,0,
Shanghai,PCE_b,Hudson Soft,Hudson Soft,,,,,,,,,,10/30/1987,,#VALUE!,,0,0,
BikkuriMan World,PCE_b,Hudson Soft,West One,,,,,,,,,,10/30/1987,,#VALUE!,,0,0,
Top Gun,NES_b,Konami,Konami,,,,2.00m,,,,,,11/1/1987,,#VALUE!,,0,0,
Gotcha! The Sport!,NES_b,LJN,LJN Ltd.,,,,,,,,,,11/1/1987,,#VALUE!,,0,0,
Jaws,NES_b,LJN,LJN Ltd.,,,,,,,,,,11/1/1987,,#VALUE!,,0,0,
Kid Niki: Radical Ninja,NES_b,Data East,Irem Software Engineering,,,,,,,,,,11/1/1987,,#VALUE!,,0,0,
Star Force,NES_b,Tecmo,Hudson Soft,,,,,,,,,,11/1/1987,,#VALUE!,,0,0,
Super Pitfall,NES_b,Activision,Micronics,,,,,,,,,,11/1/1987,,#VALUE!,,0,0,
The Goonies II,NES_b,Konami,Konami,,,,,,,,,,11/1/1987,,#VALUE!,,0,0,
The Karate Kid,NES_b,LJN,Atlus Co.,,,,,,,,,,11/1/1987,,#VALUE!,,0,0,
BreakThru,NES_b,Data East,Data East,,,,,,,,,,11/1/1987,,#VALUE!,,0,0,
Lupin Sansei: Pandora no Isan,NES_b,Namco,Namco,,,,,,,,,,11/6/1987,,#VALUE!,,0,0,
BMX Trial: Alex Kidd,MS_b,Sega,Sega,,,,,,,,,,11/15/1987,,#VALUE!,,0,0,
Jikuu Yuten: Debias,NES_b,Namco,Namco,,,,,,,,,,11/27/1987,,#VALUE!,,0,0,
Tecmo Bowl,Series_b,Tecmo,Tecmo,,,,5.00m,,,,,,12/1/1987,2/8/2020,#VALUE!,,0,0,
Mega Man,NES_b,Capcom,Capcom,,,,,0.81m,0.45m,0.08m,0.27m,0.01m,12/1/1987,,0.81,,0.81,0.81,
Street Fighter,Arc_b,Capcom,Unknown,,,,,,,,,,12/1/1987,,#VALUE!,,0,0,
Wizards & Warriors,NES_b,Acclaim Entertainment,Rare Ltd.,,,,,,,,,,12/1/1987,,#VALUE!,,0,0,
Shanghai,NES_b,Sunsoft,Activision,,,,,,,,,,12/4/1987,,#VALUE!,,0,0,
Star Wars (Japan),NES_b,Namco,Namco,,,,,,,,,,12/4/1987,,#VALUE!,,0,0,
Dragon Scroll: Yomigaerishi Maryuu,NES_b,Konami,Konami,,,,,,,,,,12/4/1987,,#VALUE!,,0,0,
JJ - Tobidase Daisakusen Part II,NES_b,Square,Square,,,,,,,,,,12/7/1987,,#VALUE!,,0,0,
Exciting Baseball (FDS),NES_b,Konami,Konami,,,,,,,,,,12/8/1987,,#VALUE!,,0,0,
Family Tennis,NES_b,Namco,Namco,,,,,,,,,,12/11/1987,,#VALUE!,,0,0,
Mega Man,Series_b,Capcom,Capcom,,,,40.00m,,,,,,12/17/1987,2/3/2020,#VALUE!,,0,0,
Final Fantasy,Series_b,Square,Square,,,,180.00m,,,,,,12/18/1987,2/28/2020,#VALUE!,,0,0,
Taito Grand Prix: Eikou e no License,NES_b,Taito,Taito Corporation,,,,,,,,,,12/18/1987,,#VALUE!,,0,0,
Ultraman 2: Shutsugeki Katoku Tai!! (FDS),NES_b,Bandai,Tsuburaya Prod.,,,,,,,,,,12/18/1987,,#VALUE!,,0,0,
Idol Hotline: Nakayama Miho no Tokimeki High School (FDS),NES_b,Nintendo,Square,,,,,,,,,,12/19/1987,,#VALUE!,,0,0,
Gegege no Kitarou 2: Youkai Gundan no Chousen,NES_b,Bandai,Bandai,,,,,1.25m,,,1.25m,0.00m,12/22/1987,,1.25,,1.25,1.25,
Family Trainer: Tostugeki! Fuuun Takeshi Shiro,NES_b,Bandai,Bandai,,,,,,,,,,12/28/1987,,#VALUE!,,0,0,
Tetris,Series_b,The Tetris Company,Alexey Pajitnov,,,,496.40m,,,,,,1/1/1988,2/27/2020,#VALUE!,,0,0,
R.B.I. Baseball,NES_b,Tengen,Namco,,,,,2.20m,0.15m,,2.05m,,1/1/1988,,2.20,,2.20,2.2,
Gauntlet,PC_b,Mindscape,Mindscape Inc.,,,,1.00m,,,,,,1/1/1988,,#VALUE!,,0,0,
Star Soldier,NES_b,Taxan,Hudson Soft,,,,,0.96m,0.32m,0.06m,0.57m,0.01m,1/1/1988,,0.96,,0.96,0.96,
Gold Rush!,PC_b,Sierra Entertainment,Sierra Entertainment,,,,,,,,,,1/1/1988,,#VALUE!,,0,0,
Golvellius: Valley of Doom,MS_b,Sega,Compile,,,,,,,,,,1/1/1988,,#VALUE!,,0,0,
Impossible Mission,MS_b,U.S. Gold,Epyx,,,,,,,,,,1/1/1988,,#VALUE!,,0,0,
James Clavell's Shogun,PC_b,Infocom,"Infocom, Inc.",,,,,,,,,,1/1/1988,,#VALUE!,,0,0,
Journey: The Quest Begins,PC_b,Infocom,"Infocom, Inc.",,,,,,,,,,1/1/1988,,#VALUE!,,0,0,
Karateka,7800_b,Atari,"IBID, Inc.",,,,,,,,,,1/1/1988,,#VALUE!,,0,0,
Kenseiden,MS_b,Sega,Sega,,,,,,,,,,1/1/1988,,#VALUE!,,0,0,
Manhunter: New York,PC_b,Sierra Entertainment,Evryware,,,,,,,,,,1/1/1988,,#VALUE!,,0,0,
Monopoly,MS_b,Sega,Sega,,,,,,,,,,1/1/1988,,#VALUE!,,0,0,
Ninja Gaiden,MS_b,Sega,Tecmo,,,,,,,,,,1/1/1988,,#VALUE!,,0,0,
Nobunaga's Ambition,NES_b,KOEI,Koei,,,,,,,,,,1/1/1988,,#VALUE!,,0,0,
Number Munchers,PC_b,MECC,MECC,,,,,,,,,,1/1/1988,,#VALUE!,,0,0,
Operation Wolf,MS_b,Sega,Taito Corporation,,,,,,,,,,1/1/1988,,#VALUE!,,0,0,
Othello (HES),NES_b,HES Interactive,Bits Studios,,,,,,,,,,1/1/1988,,#VALUE!,,0,0,
Parlour Games,MS_b,Sega,Compile,,,,,,,,,,1/1/1988,,#VALUE!,,0,0,
Penguin Land,MS_b,Sega,Sega,,,,,,,,,,1/1/1988,,#VALUE!,,0,0,
Phantasy Star,MS_b,Sega,Sega,,,,,,,,,,1/1/1988,,#VALUE!,,0,0,
Police Quest 2: The Vengeance,PC_b,Sierra Entertainment,Sierra On-Line,,,,,,,,,,1/1/1988,,#VALUE!,,0,0,
Power Strike,MS_b,Sega,Compile Ltd.,,,,,,,,,,1/1/1988,,#VALUE!,,0,0,
Predator,AST_b,Activision,Nippon Ichi Software / Gust,,,,,,,,,,1/1/1988,,#VALUE!,,0,0,
Predator,C64_b,Activision,Unknown,,,,,,,,,,1/1/1988,,#VALUE!,,0,0,
Predator,ZXS_b,Activision,Nippon Ichi Software / Gust,,,,,,,,,,1/1/1988,,#VALUE!,,0,0,
R-Type,MS_b,Sega,Irem Software Engineering,,,,,,,,,,1/1/1988,,#VALUE!,,0,0,
Rambo III,MS_b,Sega,Sega,,,,,,,,,,1/1/1988,,#VALUE!,,0,0,
Rampage,MS_b,Activision,Sega,,,,,,,,,,1/1/1988,,#VALUE!,,0,0,
Rastan,MS_b,Sega,Taito Corporation,,,,,,,,,,1/1/1988,,#VALUE!,,0,0,
RealSports Baseball,7800_b,Atari,Atari,,,,,,,,,,1/1/1988,,#VALUE!,,0,0,
Reggie Jackson Baseball,MS_b,Sega,Sega,,,,,,,,,,1/1/1988,,#VALUE!,,0,0,
Renegade,NES_b,Taito,Technos Japan Corporation,,,,,,,,,,1/1/1988,,#VALUE!,,0,0,
Rescue Mission,MS_b,Sega,Sega,,,,,,,,,,1/1/1988,,#VALUE!,,0,0,
Rocket Ranger,PC_b,Cinemaware,Cinemaware,,,,,,,,,,1/1/1988,,#VALUE!,,0,0,
Scramble Spirits,MS_b,Sega,Sega,,,,,,,,,,1/1/1988,,#VALUE!,,0,0,
Sensible Soccer: European Champions,MS_b,Sega,Sensible Software,,,,,,,,,,1/1/1988,,#VALUE!,,0,0,
Shanghai,MS_b,Sega,Sega,,,,,,,,,,1/1/1988,,#VALUE!,,0,0,
Shinobi,MS_b,Sega,Sega,,,,,,,,,,1/1/1988,,#VALUE!,,0,0,
Silpheed,PC_b,Sierra Entertainment,Game Art,,,,,,,,,,1/1/1988,,#VALUE!,,0,0,
Sinbad and the Throne of the Falcon,PC_b,Cinemaware,Cinemaware,,,,,,,,,,1/1/1988,,#VALUE!,,0,0,
Sons of Liberty,PC_b,SSI,SSI,,,,,,,,,,1/1/1988,,#VALUE!,,0,0,
Space Harrier 3-D,MS_b,Sega,Sega,,,,,,,,,,1/1/1988,,#VALUE!,,0,0,
Sports Action Pack,2600_b,Activision,Activision,,,,,,,,,,1/1/1988,,#VALUE!,,0,0,
Sprintmaster,2600_b,Atari,Atari,,,,,,,,,,1/1/1988,,#VALUE!,,0,0,
Spy vs Spy,MS_b,Sega,Sega,,,,,,,,,,1/1/1988,,#VALUE!,,0,0,
Spy vs Spy,NES_b,Kemco,First Star Software,,,,,,,,,,1/1/1988,,#VALUE!,,0,0,
Stargate,NES_b,HAL Laboratory,Unknown,,,,,,,,,,1/1/1988,,#VALUE!,,0,0,
Strip Poker II: A Sizzling Game of Chance,PC_b,Artworx Software Company,"Artworx Software Co, Inc.",,,,,,,,,,1/1/1988,,#VALUE!,,0,0,
Summer Games,MS_b,Sega,Epyx,,,,,,,,,,1/1/1988,,#VALUE!,,0,0,
Super Action Pack,2600_b,Activision,Activision,,,,,,,,,,1/1/1988,,#VALUE!,,0,0,
Super Huey,7800_b,Atari,Atari,,,,,,,,,,1/1/1988,,#VALUE!,,0,0,
Super Skateboardin',7800_b,Absolute Entertainment,Absolute Entertainment,,,,,,,,,,1/1/1988,,#VALUE!,,0,0,
Super Thunder Blade,GEN_b,Sega,Sega,,,,,,,,,,1/1/1988,,#VALUE!,,0,0,
Tank Command,7800_b,Unknown,Froggo,,,,,,,,,,1/1/1988,,#VALUE!,,0,0,
The Bard's Tale II: The Destiny Knight,PC_b,Electronic Arts,"Interplay Productions, Inc.",,,,,,,,,,1/1/1988,,#VALUE!,,0,0,
The California Raisins,PC_b,Unknown,"Starsoft Development Laboratories, Inc.",,,,,,,,,,1/1/1988,,#VALUE!,,0,0,
Thunder Blade,MS_b,Sega,Sega,,,,,,,,,,1/1/1988,,#VALUE!,,0,0,
Time Soldiers,MS_b,Sega,Alpha Denshi,,,,,,,,,,1/1/1988,,#VALUE!,,0,0,
Tomcat: The F-14 Fighter Simulator,2600_b,Absolute Entertainment,Absolute Entertainment,,,,,,,,,,1/1/1988,,#VALUE!,,0,0,
Touchdown Football,7800_b,Atari,Atari,,,,,,,,,,1/1/1988,,#VALUE!,,0,0,
Tower Toppler,7800_b,Atari,Triffix Entertainment Inc.,,,,,,,,,,1/1/1988,,#VALUE!,,0,0,
Trantor: The Last Stormtrooper,MSD_b,Keypunch,Probe Software,,,,,,,,,,1/1/1988,,#VALUE!,,0,0,
Trantor: The Last Stormtrooper,AST_b,ProbeÂ EntertainmentÂ Ltd.,Probe Software,,,,,,,,,,1/1/1988,,#VALUE!,,0,0,
Ultima V: Warriors of Destiny,PC_b,Origin Systems,"Origin Systems, Inc.",,,,,,,,,,1/1/1988,,#VALUE!,,0,0,
Universal Chaos,2600_b,Telegames,"Telegames, Inc.",,,,,,,,,,1/1/1988,,#VALUE!,,0,0,
Vigilante,MS_b,Sega,Sega,,,,,,,,,,1/1/1988,,#VALUE!,,0,0,
Vindicators,NES_b,Tengen,HammerHead Ltd.,,,,,,,,,,1/1/1988,,#VALUE!,,0,0,
Wasteland,PC_b,Electronic Arts,"Interplay Productions, Inc.",,,,,,,,,,1/1/1988,,#VALUE!,,0,0,
Water Ski,7800_b,Unknown,Froggo,,,,,,,,,,1/1/1988,,#VALUE!,,0,0,
Will Harvey's Zany Golf,PC_b,Electronic Arts,Sandcastle,,,,,,,,,,1/1/1988,,#VALUE!,,0,0,
Wizardry IV: The Return of Werdna,PC_b,Sirtech,"Sir-tech Software, Inc.",,,,,,,,,,1/1/1988,,#VALUE!,,0,0,
Wizardry V: Heart of the Maelstrom,PC_b,Unknown,"Sir-tech Software, Inc.",,,,,,,,,,1/1/1988,,#VALUE!,,0,0,
Wizball,MSD_b,Ocean Software,Unknown,,,,,,,,,,1/1/1988,,#VALUE!,,0,0,
Wizball,AST_b,Ocean Software,Unknown,,,,,,,,,,1/1/1988,,#VALUE!,,0,0,
Wizball,Amig_b,Ocean Software,Unknown,,,,,,,,,,1/1/1988,,#VALUE!,,0,0,
Wonder Boy in Monster Land,MS_b,Sega,Westone Bit Entertainment,,,,,,,,,,1/1/1988,,#VALUE!,,0,0,
Ys II Eternal,PC_b,Falcom Corporation,Nihon Falcom Corporation,,,,,,,,,,1/1/1988,,#VALUE!,,0,0,
Ys: The Vanished Omens,MS_b,Sega,Sega,,,,,,,,,,1/1/1988,,#VALUE!,,0,0,
Zak McKracken and the Alien Mindbenders,PC_b,LucasArts,Lucasfilm Games,,,,,,,,,,1/1/1988,,#VALUE!,,0,0,
Zillion II: The Tri Formation,MS_b,Sega,Tatsunoko Productions,,,,,,,,,,1/1/1988,,#VALUE!,,0,0,
Body Slam: Super Pro Wrestling,Int_b,INTV Corporation,Realtime Associates,,,,,,,,,,1/1/1988,1/13/2018,#VALUE!,,0,0,
Mountain Madness: Super Pro Skiing,Int_b,INTV Corporation,Realtime Associates,,,,,,,,,,1/1/1988,1/13/2018,#VALUE!,,0,0,
Pole Position,Int_b,INTV Corporation,Realtime Associates,,,,,,,,,,1/1/1988,1/13/2018,#VALUE!,,0,0,
Red Storm Rising,PC_b,Microprose,MicroProse,,,,,,,,,,1/1/1988,3/31/2018,#VALUE!,,0,0,
Super Pro Decathlon,Int_b,INTV Corporation,Realtime Associates,,,,,,,,,,1/1/1988,1/13/2018,#VALUE!,,0,0,
Commando,2600_b,Activision,Data East,,,,,0.47m,0.44m,0.02m,,0.00m,1/1/1988,,0.47,,0.47,0.47,
Defender II,2600_b,Atari,"Williams Electronic Games, Inc.",,,,,0.45m,0.42m,0.02m,,0.00m,1/1/1988,,0.45,,0.45,0.45,
Dragonlance,Series_b,Strategic Simulations,Strategic Simulations,,,,0.41m,,,,,,1/1/1988,3/22/2021,#VALUE!,,0,0,
Wayne Gretzky Hockey,All_b,Bethesda Softworks,Bethesda Softworks,,,,0.35m,,,,,,1/1/1988,5/25/2021,#VALUE!,,0,0,
Battle Chess,All_b,Interplay Productions,Interplay Productions,,,,0.25m,,,,,,1/1/1988,3/28/2021,#VALUE!,,0,0,
Manhunter,Series_b,Sierra Online,Evryware,,,,0.20m,,,,,,1/1/1988,10/5/2022,#VALUE!,,0,0,
Captain Blood,PC_b,Mindscape,Exxos,,,,0.10m,,,,,,1/1/1988,,#VALUE!,,0,0,
Grand Prix Circuit,All_b,Accolade,Distinctive Software,,,,0.10m,,,,,,1/1/1988,4/23/2022,#VALUE!,,0,0,
Macadam Bumper,All_b,Accolade,ERE Informatique,,,,0.10m,,,,,,1/1/1988,3/20/2021,#VALUE!,,0,0,
Manhunter: New York,All_b,Sierra Online,Evryware,,,,0.10m,,,,,,1/1/1988,10/5/2022,#VALUE!,,0,0,
Heroes of the Lance,All_b,Strategic Simulations,U.S. Gold,,,,0.09m,,,,,,1/1/1988,3/26/2021,#VALUE!,,0,0,
Super Football,2600_b,Atari,Atari,,,,,0.08m,0.07m,0.00m,,0.00m,1/1/1988,,0.08,,0.08,0.08,
Super Baseball,2600_b,Atari,Atari,,,,,0.07m,0.07m,0.00m,,0.00m,1/1/1988,,0.07,,0.07,0.07,
Menace,All_b,Psygnosis,DMA Design,,,,0.02m,,,,,,1/1/1988,4/23/2021,#VALUE!,,0,0,
Zork Quest: Assault on Egreth Castle,PC_b,Infocom,"Tom Snyder Productions, Inc.",,,,0.02m,,,,,,1/1/1988,,#VALUE!,,0,0,
Lane Mastodon vs. the Blubbermen,PC_b,Infocom,"Tom Snyder Productions, Inc.",,,,0.02m,,,,,,1/1/1988,,#VALUE!,,0,0,
Gamma Force in Pit of a Thousand Screams,PC_b,Infocom,"Tom Snyder Productions, Inc.",,,,0.01m,,,,,,1/1/1988,,#VALUE!,,0,0,
Zork Zero: The Revenge of Megaboz,PC_b,Infocom,Infocom,,,,0.00m,,,,,,1/1/1988,,#VALUE!,,0,0,
Aaargh,PC_b,Arcadia Systems,Arcadia Systems,,,,,,,,,,1/1/1988,,#VALUE!,,0,0,
Aaargh!,PC_b,Arcadia Systems,Arcadia Systems,,,,,,,,,,1/1/1988,,#VALUE!,,0,0,
Ace of Aces,7800_b,Atari,Artech Studios,,,,,,,,,,1/1/1988,,#VALUE!,,0,0,
After Burner,MS_b,Sega,Sega,,,,,,,,,,1/1/1988,,#VALUE!,,0,0,
After Burner,Amig_b,Sega,SunSoft,,,,,,,,,,1/1/1988,,#VALUE!,,0,0,
After Burner,MSX_b,Sega,SunSoft,,,,,,,,,,1/1/1988,,#VALUE!,,0,0,
After Burner,AST_b,Sega,SunSoft,,,,,,,,,,1/1/1988,,#VALUE!,,0,0,
After Burner,ACPC_b,Sega,SunSoft,,,,,,,,,,1/1/1988,,#VALUE!,,0,0,
Airborne Ranger,PC_b,Microprose,"MicroProse Software, Inc.",,,,,,,,,,1/1/1988,,#VALUE!,,0,0,
Alex Kidd: The Lost Stars,MS_b,Sega,Sega,,,,,,,,,,1/1/1988,,#VALUE!,,0,0,
Alien Syndrome,NES_b,Sunsoft,Tengen,,,,,,,,,,1/1/1988,,#VALUE!,,0,0,
Alien Syndrome,MS_b,Sega,Sega,,,,,,,,,,1/1/1988,,#VALUE!,,0,0,
Arkanoid,PC_b,Taito,Taito Corporation,,,,,,,,,,1/1/1988,,#VALUE!,,0,0,
Aztec Adventure,MS_b,Sega,Sega,,,,,,,,,,1/1/1988,,#VALUE!,,0,0,
Ballblazer,7800_b,Atari,General Computer Corp.,,,,,,,,,,1/1/1988,,#VALUE!,,0,0,
Barnyard Blaster,7800_b,Atari,Atari,,,,,,,,,,1/1/1988,,#VALUE!,,0,0,
Battle Chess,PC_b,Interplay,"Interplay Productions, Inc.",,,,,,,,,,1/1/1988,,#VALUE!,,0,0,
Battlehawks 1942,PC_b,Lucasfilm Games,Lucasfilm Games,,,,,,,,,,1/1/1988,,#VALUE!,,0,0,
Blade Eagle 3-D,MS_b,Sega,Sega,,,,,,,,,,1/1/1988,,#VALUE!,,0,0,
Bomber Raid,MS_b,Activision,Sanritsu,,,,,,,,,,1/1/1988,,#VALUE!,,0,0,
California Games,2600_b,Epyx,Epyx,,,,,,,,,,1/1/1988,,#VALUE!,,0,0,
Captain Power and the Soldiers of the Future,PC_b,Unknown,"Box Office, Inc.",,,,,,,,,,1/1/1988,,#VALUE!,,0,0,
Captain Silver,MS_b,Sega,Sega,,,,,,,,,,1/1/1988,,#VALUE!,,0,0,
Champions of Europe,MS_b,TecMagik,TecMagik,,,,,,,,,,1/1/1988,,#VALUE!,,0,0,
Chrono Quest,PC_b,Psygnosis,Psygnosis,,,,,,,,,,1/1/1988,,#VALUE!,,0,0,
Crack'ed,7800_b,Atari,Atari,,,,,,,,,,1/1/1988,,#VALUE!,,0,0,
Crossbow,7800_b,Atari,Atari,,,,,,,,,,1/1/1988,,#VALUE!,,0,0,
Cyborg Hunter,MS_b,Activision,Activision,,,,,,,,,,1/1/1988,,#VALUE!,,0,0,
Dark Chambers,7800_b,Atari,Atari,,,,,,,,,,1/1/1988,,#VALUE!,,0,0,
Dark Chambers,2600_b,Atari,Atari,,,,,,,,,,1/1/1988,,#VALUE!,,0,0,
Dark Sceptre,ACPC_b,Firebird Software,Beyond Software,,,,,,,,,,1/1/1988,1/6/2018,#VALUE!,,0,0,
Dark Sceptre,ZXS_b,Firebird Software,Unknown,,,,,,,,,,1/1/1988,,#VALUE!,,0,0,
Donkey Kong,7800_b,Atari,Nintendo,,,,,,,,,,1/1/1988,,#VALUE!,,0,0,
Donkey Kong Junior,7800_b,Atari,Nintendo,,,,,,,,,,1/1/1988,,#VALUE!,,0,0,
Double Dragon,MS_b,Sega,Technos Japan Corporation,,,,,,,,,,1/1/1988,,#VALUE!,,0,0,
Double Dragon,PC_b,Arcadia Systems,Arcadia Systems,,,,,,,,,,1/1/1988,,#VALUE!,,0,0,
Eamon,PC_b,Unknown,PC-SIG,,,,,,,,,,1/1/1988,,#VALUE!,,0,0,
Elite,AST_b,Firebird,Unknown,,,,,,,,,,1/1/1988,,#VALUE!,,0,0,
Elite,Amig_b,Firebird,Unknown,,,,,,,,,,1/1/1988,,#VALUE!,,0,0,
F-18 Hornet,7800_b,Absolute Entertainment,Absolute Entertainment,,,,,,,,,,1/1/1988,,#VALUE!,,0,0,
Fantasy Zone: The Maze,MS_b,Sega,Sega,,,,,,,,,,1/1/1988,,#VALUE!,,0,0,
Fight Night,7800_b,Atari,Atari,,,,,,,,,,1/1/1988,,#VALUE!,,0,0,
Wasteland,All_b,Electronic Arts,Interplay Productions,,,,0.25m,,,,,,1/2/1988,3/30/2021,#VALUE!,,0,0,
Family Circuit,NES_b,Namco,Game Studio,,,,,,,,,,1/6/1988,,#VALUE!,,0,0,
Konami Wai Wai World,NES_b,Konami,Konami,,,,,,,,,,1/14/1988,,#VALUE!,,0,0,
Platoon,NES_b,Sunsoft,SunSoft,,,,,,,,,,1/14/1988,,#VALUE!,,0,0,
SD Gundam World: Gachapon Senshi - Scramble Wars (FDS),NES_b,Bandai,Bandai,,,,,,,,,,1/19/1988,,#VALUE!,,0,0,
Ice Hockey (FDS),NES_b,Nintendo,Nintendo,,,,,,,,,,1/21/1988,,#VALUE!,,0,0,
Jaseiken Necromancer,PCE_b,Hudson Soft,Hudson Soft,,,,,,,,,,1/22/1988,,#VALUE!,,0,0,
Sukeban Deka III,NES_b,Toei Animation,Shouei,,,,,,,,,,1/22/1988,,#VALUE!,,0,0,
Ripple Island,NES_b,Sunsoft,Tokai Engineering,,,,,,,,,,1/23/1988,,#VALUE!,,0,0,
Donald Land,NES_b,Data East,Data East,,,,,,,,,,1/29/1988,,#VALUE!,,0,0,
Miracle Warriors: Seal of the Dark Lord,MS_b,Sega,Sega,,,,,,,,,,1/31/1988,,#VALUE!,,0,0,
R.C. Pro-Am,NES_b,Nintendo,Rare Ltd.,,,,2.14m,,,,,,2/1/1988,,#VALUE!,,0,0,
Gun.Smoke,NES_b,Capcom,Capcom,,,,,,,,,,2/1/1988,,#VALUE!,,0,0,
Town & Country Surf Designs: Wood & Water Rage,NES_b,LJN,"LJN Toys, Ltd.",,,,,,,,,,2/1/1988,,#VALUE!,,0,0,
Contra,NES_b,Konami,Konami,,,,,,,,,,2/1/1988,,#VALUE!,,0,0,
Leisure Suit Larry Goes Looking for Love (In Several Wrong Places),PC_b,Sierra Entertainment,Sierra,,,,0.25m,,,,,,2/2/1988,,#VALUE!,,0,0,
Kamen Rider Club: Gekitotsu Shocker Land,NES_b,Bandai,Bandai,,,,,,,,,,2/3/1988,,#VALUE!,,0,0,
Youkai Douchuuki,PCE_b,Namco,TOSE,,,,,,,,,,2/5/1988,,#VALUE!,,0,0,
Youkai Douchuuki,PCE_b,Namco,TOSE,,,,,,,,,,2/5/1988,,#VALUE!,,0,0,
Matsumoto Akira no Kabushiki Hisshougaku,NES_b,Imagineer,Imagineer,,,,,,,,,,2/18/1988,,#VALUE!,,0,0,
Galactic Protector,MS_b,Sega,Sega,,,,,,,,,,2/21/1988,,#VALUE!,,0,0,
Ice Hockey,NES_b,Nintendo,Nintendo,,,,2.42m,,,,,,3/1/1988,,#VALUE!,,0,0,
Pete Rose Baseball,2600_b,Absolute Entertainment,Absolute Entertainment,,,,,,,,,,3/1/1988,,#VALUE!,,0,0,
Dragon Power,NES_b,Bandai,TOSE Software,,,,,,,,,,3/1/1988,,#VALUE!,,0,0,
Ballblazer,NES_b,Pony Canyon,Lucasfilm Games,,,,,,,,,,3/4/1988,,#VALUE!,,0,0,
Arkanoid II: Revenge of Doh,NES_b,Taito,Taito Corporation,,,,,,,,,,3/8/1988,,#VALUE!,,0,0,
Tsuri Kichi Sanpei: Blue Marlin Hen,NES_b,Victor Interactive,Victor Interactive Software,,,,,,,,,,3/17/1988,,#VALUE!,,0,0,
Argos no Juujiken,MS_b,Salio,Tecmo,,,,,,,,,,3/25/1988,,#VALUE!,,0,0,
Takeda Shingen,NES_b,Hot-B,Another,,,,,,,,,,3/28/1988,,#VALUE!,,0,0,
Freedom Force,NES_b,Sunsoft,SunSoft,,,,,,,,,,4/1/1988,,#VALUE!,,0,0,
Ikari Warriors II: Victory Road,NES_b,SNK,Micronics,,,,,,,,,,4/1/1988,,#VALUE!,,0,0,
Major League Baseball,NES_b,LJN,Atlus Co.,,,,,,,,,,4/1/1988,,#VALUE!,,0,0,
The Race Against Time,All_b,Codemasters,Codemasters,,,,0.03m,,,,,,4/1/1988,4/25/2022,#VALUE!,,0,0,
Hoshi o Sagashite...,MS_b,Sega,Sega,,,,,,,,,,4/2/1988,,#VALUE!,,0,0,
Donkey Kong (FDS),NES_b,Nintendo,Nintendo,,,,,,,,,,4/8/1988,,#VALUE!,,0,0,
Kamen Rider Black: Taiketsu Shadow Moon (FDS),NES_b,Bandai,Bandai,,,,,,,,,,4/15/1988,,#VALUE!,,0,0,
Solomon no Kagi: Ouji Rihita no Namida,MS_b,Salio,Aisystem Tokyo,,,,,,,,,,4/17/1988,,#VALUE!,,0,0,
YouYou Jinsei,PCE_b,Hudson Soft,Hudson Soft,,,,,,,,,,4/22/1988,,#VALUE!,,0,0,
Famicom Tantei Club: Kieta Koukeisha (FDS),NES_b,Nintendo,Nintendo,,,,,,,,,,4/27/1988,8/29/2018,#VALUE!,,0,0,
Rambo,NES_b,Acclaim Entertainment,Pack-In-Video,,,,,,,,,,5/1/1988,,#VALUE!,,0,0,
Captain Comic,PC_b,ComputerEasy,Color Dreams,,,,,,,,,,5/1/1988,,#VALUE!,,0,0,
Pro Yakyuu World Stadium,PCE_b,Namco,Namco,,,,,,,,,,5/20/1988,,#VALUE!,,0,0,
Namco Classic,NES_b,Namco,Namco,,,,,,,,,,5/27/1988,,#VALUE!,,0,0,
Ninja-Kun: Ashura no Shou,NES_b,UPL,UPL,,,,,,,,,,5/27/1988,,#VALUE!,,0,0,
Shogun,NES_b,Hect,Virgin Games,,,,,,,,,,5/27/1988,,#VALUE!,,0,0,
Saint Seiya: Ougon Densetsu Kanketsu Hen,NES_b,Bandai,Konami,,,,,,,,,,5/30/1988,,#VALUE!,,0,0,
Madden NFL,Series_b,Electronic Arts,Park Place Productions,,,,130.00m,,,,,,6/1/1988,2/25/2020,#VALUE!,,0,0,
Pool of Radiance,Series_b,Strategic Simulations,Strategic Simulations,,,,0.85m,,,,,,6/1/1988,3/26/2021,#VALUE!,,0,0,
Metal Gear,NES_b,Ultra Games,Konami,,,,,,,,,,6/1/1988,,#VALUE!,,0,0,
Pool of Radiance,All_b,Strategic Simulations,Strategic Simulations,,,,0.26m,,,,,,6/1/1988,3/26/2021,#VALUE!,,0,0,
Double Dragon,NES_b,Tradewest,Technos Japan Corporation,,,,,,,,,,6/1/1988,,#VALUE!,,0,0,
Tensai Bakabon,MS_b,Sega,Sega,,,,,,,,,,6/2/1988,,#VALUE!,,0,0,
R-Type II,PCE_b,Hudson Soft,Hudson Soft,,,,,,,,,,6/3/1988,,#VALUE!,,0,0,
Might and Magic II: Gates to Another World,PC_b,New World Computing,"New World Computing, Inc.",,,,,,,,,,6/15/1988,,#VALUE!,,0,0,
Youkai Douchuuki,NES_b,Namco,Namco,,,,,,,,,,6/24/1988,,#VALUE!,,0,0,
Sanada Juu Yuushi,NES_b,Kemco,Kemco,,,,,,,,,,6/27/1988,,#VALUE!,,0,0,
Iron Tank: The Invasion of Normandy,NES_b,SNK,SNK Corporation,,,,,,,,,,7/1/1988,,#VALUE!,,0,0,
Legendary Wings,NES_b,Capcom,Capcom,,,,,,,,,,7/1/1988,,#VALUE!,,0,0,
Bases Loaded,NES_b,Jaleco,Jaleco Entertainment,,,,,,,,,,7/1/1988,,#VALUE!,,0,0,
Defender II,NES_b,HAL Laboratory,HAL Laboratory,,,,,,,,,,7/1/1988,,#VALUE!,,0,0,
Super Racing,MS_b,Sega,Sega,,,,,,,,,,7/2/1988,,#VALUE!,,0,0,
Sengoku Mahjong,PCE_b,Hudson Soft,Hudson Soft,,,,,,,,,,7/8/1988,,#VALUE!,,0,0,
Best Play Pro Yakyuu,NES_b,ASCII Entertainment,ASCII Entertainment,,,,,,,,,,7/15/1988,,#VALUE!,,0,0,
Donkey Kong Jr. (FDS),NES_b,Nintendo,Nintendo R&D1,,,,,,,,,,7/19/1988,,#VALUE!,,0,0,
Maison Ikkoku: Omoi no Photograph,NES_b,Bothtec,Bothtec,,,,,,,,,,7/21/1988,,#VALUE!,,0,0,
Kai no Bouken: The Quest of Ki,NES_b,Namco,Game Studio,,,,,,,,,,7/22/1988,,#VALUE!,,0,0,
River Raid II,2600_b,Activision,Activision,,,,,0.51m,0.47m,0.03m,,0.01m,7/28/1988,,0.51,,0.51,0.51,
Hiryu no Ken II: Dragon no Tsubasa,NES_b,Culture Brain,Culture Brain,,,,,,,,,,7/29/1988,,#VALUE!,,0,0,
San Goku Shi: Chuugen no Hasha,NES_b,Namco,TOSE,,,,,,,,,,7/29/1988,,#VALUE!,,0,0,
Megumi Rescue,MS_b,Sega,Sega,,,,,,,,,,7/30/1988,,#VALUE!,,0,0,
Life Force,NES_b,Konami,Konami,,,,,,,,,,8/1/1988,,#VALUE!,,0,0,
Sylviana: Ai Ippai no Boukensha (FDS),NES_b,Pack-In-Video,Pack-In-Video,,,,,,,,,,8/10/1988,,#VALUE!,,0,0,
Dragon Ball: Daimaou Fukkatsu,NES_b,Bandai,TOSE,,,,,1.25m,,,1.25m,0.00m,8/12/1988,,1.25,,1.25,1.25,
Famicom Wars,NES_b,Nintendo,Intelligent Systems,,,,,,,,,,8/12/1988,,#VALUE!,,0,0,
Final Lap,NES_b,Namco,Namco,,,,,,,,,,8/12/1988,,#VALUE!,,0,0,
King's Quest IV: The Perils of Rosella,PC_b,Sierra Online,Sierra On-Line,,,,,,,,,,8/16/1988,,#VALUE!,,0,0,
Ys,NES_b,Victor Interactive,Nihon Falcom Corporation,,,,,,,,,,8/26/1988,,#VALUE!,,0,0,
Zelda II: The Adventure of Link,NES_b,Nintendo,Nintendo EAD,,,,4.38m,,,,,,9/1/1988,1/28/2018,#VALUE!,,0,0,
Adventure Island,NES_b,Hudson Soft,Hudson Soft / West One,,,,,1.05m,,,1.05m,0.00m,9/1/1988,,1.05,,1.05,1.05,
Galaga: Demons of Death,NES_b,Bandai,Namco,,,,,,,,,,9/1/1988,,#VALUE!,,0,0,
Golgo 13: Top Secret Episode,NES_b,Victory Lap Games,Vic Tokai,,,,,,,,,,9/1/1988,,#VALUE!,,0,0,
Jeopardy!,NES_b,GameTek,Rare Ltd.,,,,,,,,,,9/1/1988,,#VALUE!,,0,0,
Lee Trevino's Fighting Golf,NES_b,SNK,SNK Corporation,,,,,,,,,,9/1/1988,,#VALUE!,,0,0,
Milon's Secret Castle,NES_b,Hudson Soft,Hudson Soft,,,,,,,,,,9/1/1988,,#VALUE!,,0,0,
King's Quest IV: The Perils of Rosella,All_b,Sierra Online,Sierra On-Line,,,,0.10m,,,,,,9/1/1988,4/3/2021,#VALUE!,,0,0,
Nekkyu Koshien,MS_b,Sega,Sega,,,,,,,,,,9/9/1988,,#VALUE!,,0,0,
Jackal,NES_b,Konami,Konami,,,,,,,,,,9/15/1988,,#VALUE!,,0,0,
The Train: Escape to Normandy,PC_b,Accolade,"Artech Digital Entertainments, Inc.",,,,,,,,,,9/20/1988,,#VALUE!,,0,0,
Gaia no Monshou,PCE_b,NCS,NCS,,,,,,,,,,9/23/1988,,#VALUE!,,0,0,
Erika to Satoru no Yume Bouken,NES_b,Namco,Namco,,,,,,,,,,9/27/1988,,#VALUE!,,0,0,
Ninja Gaiden,Series_b,Tecmo,Tecmo,,,,8.96m,,,,,,10/1/1988,1/23/2021,#VALUE!,,0,0,
Super Mario Bros. 2,NES_b,Nintendo,Nintendo EAD,,,,7.46m,,,,,,10/1/1988,,#VALUE!,,0,0,
Donkey Kong Classics,NES_b,Nintendo,Nintendo,,,,1.56m,,,,,,10/1/1988,,#VALUE!,,0,0,
Ghostbusters,NES_b,Activision,Bits Laboratory,,,,,,,,,,10/1/1988,,#VALUE!,,0,0,
Joust,NES_b,HAL Laboratory,HAL Laboratory,,,,,,,,,,10/1/1988,,#VALUE!,,0,0,
MagMax,NES_b,FCI,Nihon Bussan,,,,,,,,,,10/1/1988,,#VALUE!,,0,0,
Mickey Mousecapade,NES_b,Capcom,Hudson Soft,,,,,,,,,,10/1/1988,,#VALUE!,,0,0,
Millipede,NES_b,HAL Laboratory,HAL Laboratory,,,,,,,,,,10/1/1988,,#VALUE!,,0,0,
Racket Attack,NES_b,Jaleco,TOSE Software,,,,,,,,,,10/1/1988,,#VALUE!,,0,0,
1943: The Battle of Midway,NES_b,Capcom,Capcom,,,,,,,,,,10/1/1988,,#VALUE!,,0,0,
Daisenryaku,NES_b,Bothtec,System Soft,,,,,,,,,,10/11/1988,,#VALUE!,,0,0,
Genpei Toumaden,NES_b,Namco,Namco,,,,,,,,,,10/21/1988,,#VALUE!,,0,0,
Ultraman Club: Chikyuu Dakkan Sakusen (FDS),NES_b,Bandai,Tsuburaya Prod.,,,,,,,,,,10/22/1988,,#VALUE!,,0,0,
Sports Pad Soccer,MS_b,Sega,Sega,,,,,,,,,,10/29/1988,,#VALUE!,,0,0,
Castlevania II: Simon's Quest,NES_b,Konami,Konami,,,,,0.93m,0.45m,0.06m,0.42m,,11/1/1988,,0.93,,0.93,0.93,
Super Mario Bros. / Duck Hunt,NES_b,Nintendo,Nintendo,,,,,,,,,,11/1/1988,,#VALUE!,,0,0,
Super Mario Bros. / Tetris / Nintendo World Cup,NES_b,Nintendo,Nintendo,,,,,,,,,,11/1/1988,,#VALUE!,,0,0,
Super Team Games,NES_b,Nintendo,Human Entertainment,,,,,,,,,,11/1/1988,,#VALUE!,,0,0,
BattleTech: The Crescent Hawk's Inception,PC_b,Infocom,Westwood Associates,,,,0.01m,,,,,,11/1/1988,,#VALUE!,,0,0,
Anticipation,NES_b,Nintendo,Rare Ltd.,,,,,,,,,,11/1/1988,,#VALUE!,,0,0,
Bubble Bobble,NES_b,Taito,Taito Corporation,,,,,,,,,,11/1/1988,,#VALUE!,,0,0,
Cobra Command,NES_b,Data East,Data East,,,,,,,,,,11/1/1988,,#VALUE!,,0,0,
Dr. Chaos,NES_b,FCI,Pony Canyon,,,,,,,,,,11/1/1988,,#VALUE!,,0,0,
Kaijuu Monogatari,NES_b,Namco,Birthday,,,,,,,,,,11/18/1988,,#VALUE!,,0,0,
Sadakichi Seven: Hideyoshi no Ougon,PCE_b,Hudson Soft,Hudson Soft,,,,,,,,,,11/18/1988,,#VALUE!,,0,0,
Takeshi no Sengoku Fuuunko,NES_b,Taito,Taito Corporation,,,,,,,,,,11/25/1988,,#VALUE!,,0,0,
Family Mahjong II: Shanghai he no Michi,NES_b,Namco,Nihon Bussan,,,,,,,,,,11/25/1988,,#VALUE!,,0,0,
Kaettekita Mario Bros. (FDS),NES_b,Nintendo,Nintendo R&D1,,,,,,,,,,11/30/1988,,#VALUE!,,0,0,
Blaster Master,NES_b,Sunsoft,SunSoft,,,,,,,,,,11/30/1988,,#VALUE!,,0,0,
Indiana Jones and the Temple of Doom (Mindscape),NES_b,Mindscape,Atari Games,,,,,,,,,,12/1/1988,,#VALUE!,,0,0,
Indiana Jones and the Temple of Doom (Tengen),NES_b,Tengen,Atari Games,,,,,,,,,,12/1/1988,,#VALUE!,,0,0,
Othello,NES_b,Acclaim Entertainment,HAL Laboratory,,,,,,,,,,12/1/1988,,#VALUE!,,0,0,
Paperboy,NES_b,Mindscape,Tengen,,,,,,,,,,12/1/1988,,#VALUE!,,0,0,
Rampage,NES_b,Data East,Data East,,,,,,,,,,12/1/1988,,#VALUE!,,0,0,
Robo Warrior,NES_b,Jaleco,Hudson Soft,,,,,,,,,,12/1/1988,,#VALUE!,,0,0,
Skate or Die!,NES_b,Ultra Games,Konami,,,,,,,,,,12/1/1988,,#VALUE!,,0,0,
Superman,NES_b,Kemco,Kotobuki Systems,,,,,,,,,,12/1/1988,,#VALUE!,,0,0,
Xenophobe,NES_b,Sunsoft,Bally Midway,,,,,,,,,,12/1/1988,,#VALUE!,,0,0,
Advanced Dungeons & Dragons: Pool of Radiance,PC_b,SSI,"Strategic Simulations, Inc.",,,,,,,,,,12/1/1988,,#VALUE!,,0,0,
Bionic Commando,NES_b,Capcom,Capcom,,,,,,,,,,12/1/1988,,#VALUE!,,0,0,
Blades of Steel,NES_b,Konami,Konami,,,,,,,,,,12/1/1988,,#VALUE!,,0,0,
Bump 'n' Jump,NES_b,Victory Lap Games,Data East,,,,,,,,,,12/1/1988,,#VALUE!,,0,0,
Momotaro Dentetsu,Series_b,Konami,Hudson Soft,,,,16.00m,,,,,,12/2/1988,3/9/2020,#VALUE!,,0,0,
Hanjuku Hero,NES_b,Square,Bits Laboratory,,,,,,,,,,12/2/1988,,#VALUE!,,0,0,
King of Kings (Namco),NES_b,Namco,Namco,,,,,,,,,,12/9/1988,,#VALUE!,,0,0,
Space Harrier,PCE_b,NEC,Dempa,,,,,,,,,,12/9/1988,,#VALUE!,,0,0,
Gradius II: Gofer no Yabou,NES_b,Konami,Konami,,,,,,,,,,12/16/1988,,#VALUE!,,0,0,
Captain Silver,NES_b,Tokuma Shoten,Tokuma Shoten,,,,,,,,,,12/16/1988,,#VALUE!,,0,0,
Final Fantasy II,All_b,Square,Square,,,,1.37m,,,,,,12/17/1988,10/19/2020,#VALUE!,,0,0,
Final Fantasy II,NES_b,Square,Square,,,,,0.76m,,,0.76m,,12/17/1988,,0.76,,0.76,0.76,
Family Trainer: Fuuun! Takeshi Shiro 2,NES_b,Bandai,Bandai,,,,,,,,,,12/20/1988,,#VALUE!,,0,0,
Fantasy Zone II: OpaOpa no Namida,NES_b,Sunsoft,SunSoft,,,,,,,,,,12/20/1988,,#VALUE!,,0,0,
Appare! Gateball,PCE_b,Hudson Soft,West One,,,,,,,,,,12/22/1988,,#VALUE!,,0,0,
BikkuriMan Daijikai,PCE_b,Hudson Soft,Hudson Soft,,,,,,,,,,12/23/1988,,#VALUE!,,0,0,
Osomatsu-kun: Hachamecha Gekijou,GEN_b,Sega,Sega,,,,,,,,,,12/24/1988,,#VALUE!,,0,0,
Airwolf (Japan),NES_b,Kyugo Boueki,Kyugo Boueki,,,,,,,,,,12/24/1988,,#VALUE!,,0,0,
Akira,NES_b,Taito,Taito Corporation,,,,,,,,,,12/24/1988,,#VALUE!,,0,0,
Phantasy Star II,GEN_b,Sega,Sega,,8,,,,,,,,12/31/1988,,#VALUE!,,0,0,
SimCity,PC_b,Maxis,Maxis,,,,1.20m,,,,,,1/1/1989,,#VALUE!,,0,0,
Bomberman,NES_b,Hudson Soft,Hudson Soft,,,,,1.03m,0.18m,,0.85m,,1/1/1989,,1.03,,1.03,1.03,
Galaga '90,PCE_b,NEC,Namco,,,,,,,,,,1/1/1989,,#VALUE!,,0,0,
Galaxy Force,MS_b,Activision,Sega,,,,,,,,,,1/1/1989,,#VALUE!,,0,0,
Genghis Khan,NES_b,KOEI,Koei,,,,,,,,,,1/1/1989,,#VALUE!,,0,0,
Genghis Khan,PC_b,KOEI,Koei,,,,,,,,,,1/1/1989,,#VALUE!,,0,0,
Ghostbusters II,PC_b,Activision,Dynamix,,,,,,,,,,1/1/1989,,#VALUE!,,0,0,
Ghouls 'n Ghosts,GEN_b,Sega,AM8,,,,,,,,,,1/1/1989,,#VALUE!,,0,0,
Goal!,NES_b,Jaleco,Jaleco Entertainment,,,,,,,,,,1/1/1989,,#VALUE!,,0,0,
Golden Axe,MS_b,Sega,Sega,,,,,,,,,,1/1/1989,,#VALUE!,,0,0,
Ikari Warriors,2600_b,Data East,Data East,,,,,,,,,,1/1/1989,,#VALUE!,,0,0,
Jinks,7800_b,Atari,Atari,,,,,,,,,,1/1/1989,,#VALUE!,,0,0,
Jovial Race,NES_b,Sachen,Thin Chen Enterprises,,,,,,,,,,1/1/1989,,#VALUE!,,0,0,
Keith Courage in Alpha Zones,PCE_b,NEC,Hudson Soft,,,,,,,,,,1/1/1989,,#VALUE!,,0,0,
King's Quest: Quest for the Crown,MS_b,Parker Bros.,Microsmiths Inc.,,,,,,,,,,1/1/1989,,#VALUE!,,0,0,
Knights of Legend,PC_b,Origin Systems,"Origin Systems, Inc.",,,,,,,,,,1/1/1989,,#VALUE!,,0,0,
Kung-Fu Master,7800_b,Absolute Entertainment,Absolute Entertainment,,,,,,,,,,1/1/1989,,#VALUE!,,0,0,
Last Battle,GEN_b,Sega,Sega,,,,,,,,,,1/1/1989,,#VALUE!,,0,0,
Lord of the Sword,MS_b,Sega,Sega,,,,,,,,,,1/1/1989,,#VALUE!,,0,0,
Manhunter 2: San Francisco,PC_b,Sierra Entertainment,Evryware,,,,,,,,,,1/1/1989,,#VALUE!,,0,0,
Mars Saga,PC_b,Infocom,Westwood Associates,,,,,,,,,,1/1/1989,,#VALUE!,,0,0,
Mean 18 Golf,7800_b,Atari,Atari,,,,,,,,,,1/1/1989,,#VALUE!,,0,0,
Mean Streets,PC_b,Access Software,"Access Software, Inc.",,,,,,,,,,1/1/1989,,#VALUE!,,0,0,
Metal Fighter,NES_b,Color Dreams,Joy Van,,,,,,,,,,1/1/1989,,#VALUE!,,0,0,
Michael Jackson's Moonwalker,MS_b,Sega,Sega,,,,,,,,,,1/1/1989,,#VALUE!,,0,0,
Mickey's Ultimate Challenge,MS_b,Tec Toy,Designer Software,,,,,,,,,,1/1/1989,,#VALUE!,,0,0,
Midwinter,MSD_b,Rainbird,Unknown,,,,,,,,,,1/1/1989,,#VALUE!,,0,0,
Midwinter,AST_b,Rainbird,Unknown,,,,,,,,,,1/1/1989,,#VALUE!,,0,0,
Military Madness,PCE_b,Hudson Soft,Hudson Soft,,,,,,,,,,1/1/1989,,#VALUE!,,0,0,
Monster Lair,PCE_b,NEC,Alfa System,,,,,,,,,,1/1/1989,,#VALUE!,,0,0,
Montezuma's Revenge featuring Panama Joe,MS_b,Parker Bros.,Parker Bros,,,,,,,,,,1/1/1989,,#VALUE!,,0,0,
Moto Roader,PCE_b,NEC,NCS,,,,,,,,,,1/1/1989,,#VALUE!,,0,0,
Mystic Defender,GEN_b,Sega,Sega,,,,,,,,,,1/1/1989,,#VALUE!,,0,0,
Myth,PC_b,Rainbird,Magnetic Scrolls Ltd.,,,,,,,,,,1/1/1989,,#VALUE!,,0,0,
Neuromancer,PC_b,Interplay,Interplay Productions,,,,,,,,,,1/1/1989,,#VALUE!,,0,0,
Neutopia,PCE_b,NEC,Hudson Soft,,,,,,,,,,1/1/1989,,#VALUE!,,0,0,
Off The Wall,2600_b,Atari,Atari,,,,,,,,,,1/1/1989,,#VALUE!,,0,0,
Omega,PC_b,Origin Systems,Origin,,,,,,,,,,1/1/1989,,#VALUE!,,0,0,
Personal Nightmare,PC_b,Adventure Soft,Horrorsoft,,,,,,,,,,1/1/1989,,#VALUE!,,0,0,
Pete Rose Baseball,7800_b,Absolute Entertainment,Absolute Entertainment,,,,,,,,,,1/1/1989,,#VALUE!,,0,0,
Pipe Dream,PC_b,Lucasfilm Games,The Assembly Line,,,,,,,,,,1/1/1989,,#VALUE!,,0,0,
Pipe Mania (1989),PC_b,Empire Interactive,The Assembly Line,,,,,,,,,,1/1/1989,,#VALUE!,,0,0,
Populous,PC_b,Electronic Arts,Bullfrog Productions,,,,,,,,,,1/1/1989,,#VALUE!,,0,0,
Populous,GEN_b,Electronic Arts,Bullfrog Productions,,,,,,,,,,1/1/1989,,#VALUE!,,0,0,
Populous: The Promised Lands,PC_b,Electronic Arts,Bullfrog Productions,,,,,,,,,,1/1/1989,,#VALUE!,,0,0,
Ports of Call,PC_b,Domark Software,Aegis International,,,,,,,,,,1/1/1989,,#VALUE!,,0,0,
Poseidon Wars 3-D,MS_b,Sega,Sega,,,,,,,,,,1/1/1989,,#VALUE!,,0,0,
Power Golf,PCE_b,NEC,Hudson Soft,,,,,,,,,,1/1/1989,,#VALUE!,,0,0,
Predator,Amig_b,Activision,Nippon Ichi Software / Gust,,,,,,,,,,1/1/1989,,#VALUE!,,0,0,
Prince of Persia (1989),PC_b,Broderbund,BrÃ¸derbund,,,,,,,,,,1/1/1989,,#VALUE!,,0,0,
Psycho Fox,MS_b,Sega,Vic Tokai,,,,,,,,,,1/1/1989,,#VALUE!,,0,0,
Q*bert,NES_b,Ultra Games,Konami,,,,,,,,,,1/1/1989,,#VALUE!,,0,0,
Qix,PC_b,Taito,Alien Technology,,,,,,,,,,1/1/1989,,#VALUE!,,0,0,
Quest For Glory I: So You Want to Be a Hero,PC_b,Sierra Entertainment,Sierra On-Line,,,,,,,,,,1/1/1989,,#VALUE!,,0,0,
Quest for Glory I: So You want to Be a Hero?,PC_b,Sierra Entertainment,Sierra On-Line,,,,,,,,,,1/1/1989,,#VALUE!,,0,0,
R-Type,PCE_b,NEC,Irem Software Engineering,,,,,,,,,,1/1/1989,,#VALUE!,,0,0,
R.C. Grand Prix,MS_b,Seismic,Imagineering Inc.,,,,,,,,,,1/1/1989,,#VALUE!,,0,0,
Radar Lock,2600_b,Atari,Atari,,,,,,,,,,1/1/1989,,#VALUE!,,0,0,
Raid 2020,NES_b,Color Dreams,Color Dreams,,,,,,,,,,1/1/1989,,#VALUE!,,0,0,
Rambo III,GEN_b,Sega,Sega,,,,,,,,,,1/1/1989,,#VALUE!,,0,0,
Rambo III,PC_b,Taito,Ocean,,,,,,,,,,1/1/1989,,#VALUE!,,0,0,
Rampage,7800_b,Activision,Activision,,,,,,,,,,1/1/1989,,#VALUE!,,0,0,
Reader Rabbit,PC_b,The Learning Company,The Learning Company,,,,,,,,,,1/1/1989,,#VALUE!,,0,0,
Road Rash,MS_b,U.S. Gold,Electronic Arts,,,,,,,,,,1/1/1989,,#VALUE!,,0,0,
Road Runner,2600_b,Atari,Atari,,,,,,,,,,1/1/1989,,#VALUE!,,0,0,
Road Runner,NES_b,Tengen,Tengen,,,,,,,,,,1/1/1989,,#VALUE!,,0,0,
Road Runner,PC_b,Mindscape,Banana Development,,,,,,,,,,1/1/1989,,#VALUE!,,0,0,
Rolling Thunder,NES_b,Tengen,Namco,,,,,,,,,,1/1/1989,,#VALUE!,,0,0,
Secret Quest,2600_b,Atari,Axlon,,,,,,,,,,1/1/1989,,#VALUE!,,0,0,
Sesame Street: 123,NES_b,Hi Tech Expressions,Rare Ltd.,,,,,,,,,,1/1/1989,,#VALUE!,,0,0,
Shinobi,NES_b,Tengen,Sega,,,,,,,,,,1/1/1989,,#VALUE!,,0,0,
Sidearms,PCE_b,Unknown,NEC Avenue,,,,,,,,,,1/1/1989,,#VALUE!,,0,0,
Silent Service,NES_b,Ultra Games,Rare Ltd.,,,,,,,,,,1/1/1989,,#VALUE!,,0,0,
Sky Shark,PC_b,Taito,Banana Development,,,,,,,,,,1/1/1989,,#VALUE!,,0,0,
Space Harrier,PC_b,Sega,Elite,,,,,,,,,,1/1/1989,,#VALUE!,,0,0,
Space Rogue,PC_b,Origin Systems,Origin,,,,,,,,,,1/1/1989,,#VALUE!,,0,0,
SpellCaster,MS_b,Sega,Sega,,,,,,,,,,1/1/1989,,#VALUE!,,0,0,
Starflight 2: Trade Routes of the Cloud Nebula,PC_b,Electronic Arts,BinaryÂ Systems,,,,,,,,,,1/1/1989,,#VALUE!,,0,0,
Street Rod,PC_b,California Dreams,California Dreams,,,,,,,,,,1/1/1989,,#VALUE!,,0,0,
Strider,PC_b,U.S. Gold,Tiertex Design Studios,,,,,,,,,,1/1/1989,,#VALUE!,,0,0,
Stunt Track Racer,PC_b,Unknown,MicroStyle,,,,,,,,,,1/1/1989,,#VALUE!,,0,0,
Super Sprint,NES_b,Tengen,Atari,,,,,,,,,,1/1/1989,,#VALUE!,,0,0,
Sword of Aragon,PC_b,SSI,Unknown,,,,,,,,,,1/1/1989,,#VALUE!,,0,0,
Tangled Tales,PC_b,Origin Systems,Origin,,,,,,,,,,1/1/1989,,#VALUE!,,0,0,
Tecmo Baseball,NES_b,Tecmo,Tecmo,,,,,,,,,,1/1/1989,,#VALUE!,,0,0,
Tennis Ace,MS_b,Sega,Sega,,,,,,,,,,1/1/1989,,#VALUE!,,0,0,
Tetris (Tengen),NES_b,Tengen,Tengen,,,,,,,,,,1/1/1989,,#VALUE!,,0,0,
The Amazing Spider-Man,PC_b,Unknown,Oxford Digital Enterprises,,,,,,,,,,1/1/1989,,#VALUE!,,0,0,
The Amazing Spider-Man and Captain America in Doctor Doom's Revenge!,PC_b,Unknown,Paragon Software Corporation,,,,,,,,,,1/1/1989,,#VALUE!,,0,0,
The Colonel's Bequest,PC_b,Sierra Entertainment,"Sierra On-Line, Inc.",,,,,,,,,,1/1/1989,,#VALUE!,,0,0,
The Legendary Axe,PCE_b,NEC,Victor Interactive Software,,,,,,,,,,1/1/1989,,#VALUE!,,0,0,
Their Finest Hour: The Battle of Britain,PC_b,LucasArts,LucasArts,,,,,,,,,,1/1/1989,,#VALUE!,,0,0,
Times of Lore,PC_b,Origin Systems,Origin Systems,,,,,,,,,,1/1/1989,,#VALUE!,,0,0,
Title Match Pro Wrestling,7800_b,Absolute Entertainment,Absolute Entertainment,,,,,,,,,,1/1/1989,,#VALUE!,,0,0,
Tomcat F-14 Flight Simulator,7800_b,Absolute Entertainment,Absolute Entertainment,,,,,,,,,,1/1/1989,,#VALUE!,,0,0,
Toobin',NES_b,Tengen,Tengen,,,,,,,,,,1/1/1989,,#VALUE!,,0,0,
Tournament Cyberball 2072,Lynx_b,Atari,Atari,,,,,,,,,,1/1/1989,,#VALUE!,,0,0,
Truxton,GEN_b,Sega,Toaplan,,,,,,,,,,1/1/1989,,#VALUE!,,0,0,
Turbo OutRun,PC_b,Sega,CODE TO GO,,,,,,,,,,1/1/1989,,#VALUE!,,0,0,
Vigilante,PCE_b,NEC,Irem Software Engineering,,,,,,,,,,1/1/1989,,#VALUE!,,0,0,
Vixen,PC_b,Unknown,Intelligent Design Ltd.,,,,,,,,,,1/1/1989,,#VALUE!,,0,0,
Walter Payton Football,MS_b,Sega,Sega,,,,,,,,,,1/1/1989,,#VALUE!,,0,0,
Wanted,MS_b,Sega,Sega,,,,,,,,,,1/1/1989,,#VALUE!,,0,0,
War in Middle Earth,ZXS_b,Melbourne House,Unknown,,,,,,,,,,1/1/1989,,#VALUE!,,0,0,
War in Middle Earth,ACPC_b,Melbourne House,Melbourne House,,,,,,,,,,1/1/1989,1/6/2018,#VALUE!,,0,0,
War in Middle Earth,MSX_b,Melbourne House,Unknown,,,,,,,,,,1/1/1989,,#VALUE!,,0,0,
War in Middle Earth,MSD_b,Melbourne House,Unknown,,,,,,,,,,1/1/1989,,#VALUE!,,0,0,
War in Middle Earth,AST_b,Melbourne House,Unknown,,,,,,,,,,1/1/1989,,#VALUE!,,0,0,
War in Middle Earth,Amig_b,Melbourne House,Unknown,,,,,,,,,,1/1/1989,,#VALUE!,,0,0,
War in Middle Earth,C64_b,Melbourne House,Unknown,,,,,,,,,,1/1/1989,,#VALUE!,,0,0,
Where in the World is Carmen Sandiego?,MS_b,Parker Bros.,Parker Bros.,,,,,,,,,,1/1/1989,,#VALUE!,,0,0,
Windwalker,PC_b,Origin Systems,Unknown,,,,,,,,,,1/1/1989,,#VALUE!,,0,0,
Wonder Boy III: The Dragon's Trap,MS_b,Sega,Westone Bit Entertainment,,,,,,,,,,1/1/1989,,#VALUE!,,0,0,
World Class Baseball,PCE_b,NEC,Hudson Soft,,,,,,,,,,1/1/1989,,#VALUE!,,0,0,
World Court Tennis,PCE_b,NEC,Namco,,,,,,,,,,1/1/1989,,#VALUE!,,0,0,
World Games,MS_b,Sega,Epyx,,,,,,,,,,1/1/1989,,#VALUE!,,0,0,
X-Men: Madness in Murderworld,PC_b,Unknown,Paragon Software Corporation,,,,,,,,,,1/1/1989,,#VALUE!,,0,0,
Xenophobe,7800_b,Atari,Atari,,,,,,,,,,1/1/1989,,#VALUE!,,0,0,
Ys Book I & II,PCE_b,Hudson Soft,Nihon Falcom Corporation,,,,,,,,,,1/1/1989,,#VALUE!,,0,0,
Ys Eternal,PC_b,Falcom Corporation,Nihon Falcom Corporation,,,,,,,,,,1/1/1989,,#VALUE!,,0,0,
Spiker! Super Pro Volleyball,Int_b,INTV Corporation,Realtime Associates,,,,,,,,,,1/1/1989,1/13/2018,#VALUE!,,0,0,
Stadium Mud Buggies,Int_b,INTV Corporation,Realtime Associates,,,,,,,,,,1/1/1989,1/13/2018,#VALUE!,,0,0,
M1 Tank Platoon,PC_b,Microprose,MicroProse,,,,0.40m,,,,,,1/1/1989,,#VALUE!,,0,0,
Hoyle's Official Book of Games: Volume 1,All_b,Sierra Entertainment,Sierra Entertainment,,,,0.25m,,,,,,1/1/1989,4/8/2021,#VALUE!,,0,0,
The Duel: Test Drive II,All_b,Accolade,Distinctive Software,,,,0.25m,,,,,,1/1/1989,4/23/2022,#VALUE!,,0,0,
Rampage,2600_b,Activision,Activision,,,,,0.24m,0.22m,0.01m,,0.00m,1/1/1989,,0.24,,0.24,0.24,
Indianapolis 500: The Simulation,All_b,Electronic Arts,Papyrus Design Group,,,,0.20m,,,,,,1/1/1989,4/10/2021,#VALUE!,,0,0,
Curse of the Azure Bonds,All_b,Strategic Simulations,Strategic Simulations,,,,0.18m,,,,,,1/1/1989,3/22/2021,#VALUE!,,0,0,
HardBall II,All_b,Accolade,Distinctive Software,,,,0.10m,,,,,,1/1/1989,4/23/2022,#VALUE!,,0,0,
MechWarrior,PC_b,Activision,Dynamix,,,,0.10m,,,,,,1/1/1989,,#VALUE!,,0,0,
Hillsfar,All_b,Westwood Studios,Westwood,,,,0.08m,,,,,,1/1/1989,3/22/2021,#VALUE!,,0,0,
Dragons of Flame,All_b,Strategic Simulations,U.S. Gold,,,,0.06m,,,,,,1/1/1989,3/22/2021,#VALUE!,,0,0,
Dungeon Masters Assistant Volume I: Encounters,All_b,Strategic Simulations,Strategic Simulations,,,,0.03m,,,,,,1/1/1989,3/26/2021,#VALUE!,,0,0,
War of the Lance,All_b,Strategic Simulations,"Strategic Simulations, Inc",,,,0.02m,,,,,,1/1/1989,3/22/2021,#VALUE!,,0,0,
Zork Quest: The Crystal of Doom,PC_b,Infocom,"Tom Snyder Productions, Inc.",,,,0.00m,,,,,,1/1/1989,,#VALUE!,,0,0,
688 Attack Sub,PC_b,Electronic Arts,John W. Ratcliff,,,,,,,,,,1/1/1989,,#VALUE!,,0,0,
A Boy and His Blob: Trouble on Blobolonia,NES_b,Absolute Entertainment,Imagineering,,,,,,,,,,1/1/1989,,#VALUE!,,0,0,
A Nightmare on Elm Street,PC_b,Unknown,Westwood Associates,,,,,,,,,,1/1/1989,,#VALUE!,,0,0,
A-10 Tank Killer,PC_b,Dynamix,VU Games,,,,,,,,,,1/1/1989,,#VALUE!,,0,0,
Advanced Dungeons & Dragons: Curse of the Azure Bonds,PC_b,SSI,"Strategic Simulations, Inc.",,,,,,,,,,1/1/1989,,#VALUE!,,0,0,
Advanced Dungeons & Dragons: Hillsfar,PC_b,SSI,Westwood Studios,,,,,,,,,,1/1/1989,,#VALUE!,,0,0,
After Burner,NES_b,Tengen,SunSoft,,,,,,,,,,1/1/1989,,#VALUE!,,0,0,
After Burner,PC_b,Sega,Sega,,,,,,,,,,1/1/1989,,#VALUE!,,0,0,
After Burner,FMT_b,CSK Research Institute,SunSoft,,,,,,,,,,1/1/1989,,#VALUE!,,0,0,
After Burner,MSD_b,Sega,SunSoft,,,,,,,,,,1/1/1989,,#VALUE!,,0,0,
After Burner,C64_b,Sega,Unknown,,,,,,,,,,1/1/1989,,#VALUE!,,0,0,
After Burner II,MSD_b,Sega,Bits Laboratory,,,,,,,,,,1/1/1989,,#VALUE!,,0,0,
After Burner II,AST_b,Activision,Bits Laboratory,,,,,,,,,,1/1/1989,,#VALUE!,,0,0,
After Burner II,Amig_b,Activision,Bits Laboratory,,,,,,,,,,1/1/1989,,#VALUE!,,0,0,
Alex Kidd: High-Tech World,MS_b,Sega,Sega,,,,,,,,,,1/1/1989,,#VALUE!,,0,0,
ALF,MS_b,Sega,Sega,,,,,,,,,,1/1/1989,,#VALUE!,,0,0,
Alien Crush,PCE_b,Turbo Technologies,Compile,,,,,,,,,,1/1/1989,,#VALUE!,,0,0,
Altered Beast,MS_b,Sega,Sega,,,,,,,,,,1/1/1989,,#VALUE!,,0,0,
Ancient Land of Ys,PC_b,Broderbund,Unlimited Software Inc.,,,,,,,,,,1/1/1989,,#VALUE!,,0,0,
Arkanoid II: Revenge of Doh,PC_b,Taito,NovaLogic,,,,,,,,,,1/1/1989,,#VALUE!,,0,0,
ArkistaÂ´s Ring,NES_b,American Sammy,Sammy,,,,,,,,,,1/1/1989,,#VALUE!,,0,0,
Arnold Palmer Tournament Golf,GEN_b,Sega,Sega,,,,,,,,,,1/1/1989,,#VALUE!,,0,0,
Arthur: The Quest for Excalibur,PC_b,Infocom,"Infocom, Inc.",,,,,,,,,,1/1/1989,,#VALUE!,,0,0,
Baby Boomer,NES_b,Color Dreams,Color Dreams,,,,,,,,,,1/1/1989,,#VALUE!,,0,0,
Bandit Kings of Ancient China,PC_b,KOEI,Koei,,,,,,,,,,1/1/1989,7/30/2018,#VALUE!,,0,0,
Barbarian,PC_b,Palace Software,Psygnosis,,,,,,,,,,1/1/1989,,#VALUE!,,0,0,
Basketball Nightmare,MS_b,Sega,Sega,,,,,,,,,,1/1/1989,,#VALUE!,,0,0,
Batman Returns,MS_b,Sega,Aspect Co. Ltd.,,,,,,,,,,1/1/1989,,#VALUE!,,0,0,
Battle OutRun,MS_b,Sega,Sega,,,,,,,,,,1/1/1989,,#VALUE!,,0,0,
Bill and Ted's Excellent Adventure,Lynx_b,Atari,Atari,,,,,,,,,,1/1/1989,,#VALUE!,,0,0,
Blazing Lazers,PCE_b,NEC,Compile,,,,,,,,,,1/1/1989,,#VALUE!,,0,0,
Blockout,PC_b,California Dreams,P.Z.Karen Co. Development Group,,,,,,,,,,1/1/1989,,#VALUE!,,0,0,
Blue Lightning,Lynx_b,Atari,Epyx,,,,,,,,,,1/1/1989,,#VALUE!,,0,0,
BMX Airmaster,2600_b,Unknown,TNT Games,,,,,,,,,,1/1/1989,,#VALUE!,,0,0,
Bubble Bobble,PC_b,Taito,Taito Corporation,,,,,,,,,,1/1/1989,,#VALUE!,,0,0,
California Games,Lynx_b,Atari,Epyx,,,,,,,,,,1/1/1989,,#VALUE!,,0,0,
California Games,MS_b,Sega,Epyx,,,,,,,,,,1/1/1989,,#VALUE!,,0,0,
Captain Comic: The Adventure,NES_b,ComputerEasy,Color Dreams,,,,,,,,,,1/1/1989,,#VALUE!,,0,0,
Casino Games,MS_b,Sega,Compile,,,,,,,,,,1/1/1989,,#VALUE!,,0,0,
China Warrior,PCE_b,Hudson Soft,Hudson Soft,,,,,,,,,,1/1/1989,,#VALUE!,,0,0,
Chip's Challenge,Lynx_b,Atari,Atari,,,,,,,,,,1/1/1989,,#VALUE!,,0,0,
Chrono Quest II,PC_b,Microvalue,Infomedia,,,,,,,,,,1/1/1989,,#VALUE!,,0,0,
Cloud Master,MS_b,Sega,"Hot-B Co., Ltd.",,,,,,,,,,1/1/1989,,#VALUE!,,0,0,
Conquests of Camelot: The Search for the Grail,PC_b,Sierra Entertainment,"Sierra On-Line, Inc.",,,,,,,,,,1/1/1989,,#VALUE!,,0,0,
Crystal Mines,NES_b,Color Dreams,Color Dreams,,,,,,,,,,1/1/1989,,#VALUE!,,0,0,
Day of the Pharaoh,PC_b,Rainbow Arts,Chip,,,,,,,,,,1/1/1989,,#VALUE!,,0,0,
Dead Angle,MS_b,Sega,Seibu Kaihatsu,,,,,,,,,,1/1/1989,,#VALUE!,,0,0,
Deep Blue,PCE_b,NEC,Pack-In-Video,,,,,,,,,,1/1/1989,,#VALUE!,,0,0,
Die Hard,PC_b,Activision,Dynamix,,,,,,,,,,1/1/1989,,#VALUE!,,0,0,
Double Dragon,GB_b,Taito,Technos Japan Corporation,,,,,,,,,,1/1/1989,,#VALUE!,,0,0,
Double Dragon,7800_b,Activision,Activision,,,,,,,,,,1/1/1989,,#VALUE!,,0,0,
Double Dragon II: The Revenge,PC_b,Virgin Interactive,Binary Design,,,,,,,,,,1/1/1989,,#VALUE!,,0,0,
Double Dungeons,PCE_b,NEC,NCS/Masaya,,,,,,,,,,1/1/1989,,#VALUE!,,0,0,
Double Dunk,2600_b,Atari,Atari,,,,,,,,,,1/1/1989,,#VALUE!,,0,0,
Dragon Spirit,PCE_b,NEC,Namco,,,,,,,,,,1/1/1989,,#VALUE!,,0,0,
Dragon Wars,PC_b,Interplay,Interplay Entertainment Corp.,,,,,,,,,,1/1/1989,,#VALUE!,,0,0,
Dungeon Explorer,PCE_b,NEC,Atlus Co.,,,,,,,,,,1/1/1989,,#VALUE!,,0,0,
Dungeon Master,PC_b,Unknown,FTL Games,,,,,,,,,,1/1/1989,,#VALUE!,,0,0,
Dynamite Duke,MS_b,Sega,Sega,,,,,,,,,,1/1/1989,,#VALUE!,,0,0,
Dynamite Dux,MS_b,Sega,Sega,,,,,,,,,,1/1/1989,,#VALUE!,,0,0,
Electrocop,Lynx_b,Atari,Epyx,,,,,,,,,,1/1/1989,,#VALUE!,,0,0,
Emmanuelle: A Game of Eroticism,PC_b,Unknown,"Coktel Vision, InfÃ©rence, MDO",,,,,,,,,,1/1/1989,,#VALUE!,,0,0,
Fantasy Zone,PCE_b,NEC,Bits Laboratory,,,,,,,,,,1/1/1989,,#VALUE!,,0,0,
Fantasy Zone (Tengen),NES_b,Tengen,Tengen,,,,,,,,,,1/1/1989,,#VALUE!,,0,0,
Fester's Quest,NES_b,Sunsoft,SunSoft,,,,,,,,,,1/1/1989,,#VALUE!,,0,0,
Fighting Street,PCE_b,NEC,Alfa System,,,,,,,,,,1/1/1989,,#VALUE!,,0,0,
Final Lap Twin,PCE_b,NEC,Namco,,,,,,,,,,1/1/1989,,#VALUE!,,0,0,
Hyper Lode Runner,GB_b,Bandai,Broderbund,,,,,,,,,,1/2/1989,,#VALUE!,,0,0,
Ganbare Goemon 2,NES_b,Konami,Konami,,,,,,,,,,1/4/1989,,#VALUE!,,0,0,
Space Harrier,NES_b,Takara,Sega,,,,,,,,,,1/6/1989,,#VALUE!,,0,0,
Family Trainer: Rairai Kyonshizu: Baby Kyonshii no Amida Daibouken,NES_b,Bandai,Bandai,,,,,,,,,,1/26/1989,,#VALUE!,,0,0,
Son Son II,PCE_b,NEC,Capcom,,,,,,,,,,1/27/1989,,#VALUE!,,0,0,
Zoids 2: Zenebasu no Gyakushuu,NES_b,Toshiba EMI,Micronics,,,,,,,,,,1/27/1989,,#VALUE!,,0,0,
Tecmo Bowl,NES_b,Tecmo,Tecmo,,,,1.53m,,,,,,2/1/1989,,#VALUE!,,0,0,
Friday the 13th,NES_b,LJN,Pack-In Video,,,,,,,,,,2/1/1989,,#VALUE!,,0,0,
Gyruss,NES_b,Ultra Games,Konami,,,,,,,,,,2/1/1989,,#VALUE!,,0,0,
Ultima: Exodus,NES_b,FCI,Origin,,,,,,,,,,2/1/1989,,#VALUE!,,0,0,
WWF WrestleMania,NES_b,Acclaim Entertainment,Rare Ltd.,,,,,,,,,,2/1/1989,,#VALUE!,,0,0,
Bandai Golf: Challenge Pebble Beach,NES_b,Bandai,TOSE Software,,,,,,,,,,2/1/1989,,#VALUE!,,0,0,
SimCity,Series_b,Maxis,Maxis,,,,20.00m,,,,,,2/2/1989,2/17/2020,#VALUE!,,0,0,
SimCity,All_b,Maxis,Maxis,,,,3.18m,,,,,,2/2/1989,11/27/2020,#VALUE!,,0,0,
Wrecking Crew (FDS),NES_b,Nintendo,Nintendo,,,,,,,,,,2/3/1989,,#VALUE!,,0,0,
Wagyan Land,NES_b,Namco,Namco,,,,,,,,,,2/9/1989,,#VALUE!,,0,0,
Famicom Jump: Eiyuu Retsuden,NES_b,Bandai,TOSE,,,,,1.10m,,,1.10m,0.00m,2/15/1989,,1.10,,1.10,1.1,
Space Shadow,NES_b,Bandai,Bandai,,,,,,,,,,2/15/1989,,#VALUE!,,0,0,
Hydlide 3: Yami Kara no Houmonsha,NES_b,Namco,Tikipod,,,,,,,,,,2/17/1989,,#VALUE!,,0,0,
Wizardry II: Legacy of Llylgamyn - The Third Scenario,NES_b,ASCII Entertainment,ASCII Entertainment,,,,,,,,,,2/21/1989,,#VALUE!,,0,0,
Wizardry: Legacy of Llylgamyn - The Third Scenario,NES_b,ASCII Entertainment,"Sir-tech Software, Inc.",,,,,,,,,,2/21/1989,,#VALUE!,,0,0,
Hany in the Sky,PCE_b,FACE,Sankindo,,,,,,,,,,3/1/1989,,#VALUE!,,0,0,
John Elway's Quarterback,NES_b,Tradewest,Rare Ltd.,,,,,,,,,,3/1/1989,,#VALUE!,,0,0,
Kung-Fu Heroes,NES_b,Culture Brain,Culture Brain,,,,,,,,,,3/1/1989,,#VALUE!,,0,0,
Marble Madness,NES_b,Milton Bradley,Rare Ltd.,,,,,,,,,,3/1/1989,,#VALUE!,,0,0,
Ninja Gaiden,NES_b,Konami,Tecmo,,,,,,,,,,3/1/1989,,#VALUE!,,0,0,
Operation Wolf,NES_b,Taito,Taito Corporation,,,,,,,,,,3/1/1989,,#VALUE!,,0,0,
Dance Aerobics,NES_b,Nintendo,Human Entertainment,,,,,,,,,,3/1/1989,,#VALUE!,,0,0,
Hayauchi Super Igo,NES_b,Namco,Homedata,,,,,,,,,,3/3/1989,,#VALUE!,,0,0,
Sakigake!! Otokojuku: Shippu Ichi Gou Sei,NES_b,Bandai,Bandai,,,,,,,,,,3/3/1989,,#VALUE!,,0,0,
Winning Shot,PCE_b,Data East,Data East,,,,,,,,,,3/3/1989,,#VALUE!,,0,0,
Jesus: KyÅfu no Bio-Monster,NES_b,King Records,"Enix corporation., Chunsoft Co., Ltd.",,,,,,,,,,3/17/1989,,#VALUE!,,0,0,
Out Live,PCE_b,Sunsoft,SunSoft,,,,,,,,,,3/17/1989,,#VALUE!,,0,0,
Kaizou Chounin Shubibinman,PCE_b,NCS,NCS,,,,,,,,,,3/18/1989,,#VALUE!,,0,0,
Square's Tom Sawyer,NES_b,Square,Square,,,,,,,,,,3/19/1989,,#VALUE!,,0,0,
P-47: The Freedom Fighter,PCE_b,Aicom,Aicom,,,,,,,,,,3/20/1989,,#VALUE!,,0,0,
Space Quest III: The Pirates of Pestulon,PC_b,Sierra Entertainment,Sierra Entertainment,,,,,,,,,,3/22/1989,,#VALUE!,,0,0,
F-1 Pilot,PCE_b,Pack-In-Video,Pack-In-Video,,,,,,,,,,3/23/1989,,#VALUE!,,0,0,
Shiryou Sensen: War of the Dead,PCE_b,Victor Interactive,Victor Interactive Software,,,,,,,,,,3/24/1989,,#VALUE!,,0,0,
Ankoku Shinwa: Yamato Takeru Densetsu,NES_b,Unknown,Zap,,,,,,,,,,3/24/1989,,#VALUE!,,0,0,
Ganbare! Golf Boys,PCE_b,NCS,Dual,,,,,,,,,,3/28/1989,,#VALUE!,,0,0,
After Burner II,NES_b,Sunsoft,Unknown,,,,,,,,,,3/30/1989,,#VALUE!,,0,0,
Kyuukyoku Tiger,PCE_b,Taito,Taito Corporation,,,,,,,,,,3/31/1989,,#VALUE!,,0,0,
Matsumoto Akira no Kabushiki Hisshougaku II,NES_b,Imagineer,Imagineer,,,,,,,,,,3/31/1989,,#VALUE!,,0,0,
Fist of the North Star,NES_b,Taxan,Shouei,,,,,,,,,,4/1/1989,,#VALUE!,,0,0,
Legacy of the Wizard,NES_b,Broderbund,Nihon Falcom Corporation,,,,,,,,,,4/1/1989,,#VALUE!,,0,0,
Makai Hakkenden Shada,PCE_b,Data East,Data East,,,,,,,,,,4/1/1989,,#VALUE!,,0,0,
Mappy-Land,NES_b,Taxan,Namco,,,,,,,,,,4/1/1989,,#VALUE!,,0,0,
Mystery Quest,NES_b,Taxan,Carry Lab.,,,,,,,,,,4/1/1989,,#VALUE!,,0,0,
Predator,NES_b,Activision,Pack-In Video,,,,,,,,,,4/1/1989,,#VALUE!,,0,0,
Taboo: The Sixth Sense,NES_b,Tradewest,Rare Ltd.,,,,,,,,,,4/1/1989,,#VALUE!,,0,0,
The Guardian Legend,NES_b,Broderbund,Compile,,,,,,,,,,4/1/1989,,#VALUE!,,0,0,
Adventures of Lolo,NES_b,HAL Laboratory,HAL Laboratory,,,,,0.06m,0.06m,,,,4/1/1989,,0.06,,0.06,0.06,
Amagon,NES_b,Sammy Corporation,Aicom,,,,,,,,,,4/1/1989,,#VALUE!,,0,0,
Dr. Jekyll and Mr. Hyde,NES_b,Bandai,Advance Communication Company,,,,,,,,,,4/1/1989,,#VALUE!,,0,0,
Leisure Suit Larry III: Passionate Patti in Pursuit of the Pulsating Pectorals!,PC_b,Sierra Entertainment,"Sierra On-Line, Inc.",,,,0.25m,,,,,,4/9/1989,,#VALUE!,,0,0,
Mindseeker,NES_b,Namco,Namco,,,,,,,,,,4/18/1989,,#VALUE!,,0,0,
Energy,PCE_b,NCS,Luasan Soft,,,,,,,,,,4/19/1989,,#VALUE!,,0,0,
007: License To Kill,PC_b,Domark Software,Unknown,,,,,,,,,,4/20/1989,,#VALUE!,,0,0,
Yakuman,GB_b,Nintendo,Intelligent Systems,,,,1.28m,,,,,,4/21/1989,,#VALUE!,,0,0,
Wonder Momo,PCE_b,Namco,Namco,,,,,,,,,,4/21/1989,,#VALUE!,,0,0,
Devil Man,NES_b,Namco,ISCO,,,,,,,,,,4/25/1989,,#VALUE!,,0,0,
Susano O Densetsu,PCE_b,Hudson Soft,Alfa System,,,,,,,,,,4/27/1989,,#VALUE!,,0,0,
Dragon Buster II: Yami no Fuuin,NES_b,Namco,Namco,,,,,,,,,,4/27/1989,,#VALUE!,,0,0,
Blood Money,All_b,Psygnosis,DMA Design,,,,0.04m,,,,,,5/1/1989,4/23/2021,#VALUE!,,0,0,
Teenage Mutant Ninja Turtles,Series_b,Konami,Konami,,,,22.60m,,,,,,5/12/1989,3/16/2020,#VALUE!,,0,0,
Famicom Tantei Club Part II: Ushiro ni Tatsu Shoujo (FDS),NES_b,Nintendo,Nintendo,,,,,,,,,,5/23/1989,8/29/2018,#VALUE!,,0,0,
Naxat Open,PCE_b,Naxat Soft,Naxat Soft,,,,,,,,,,5/30/1989,,#VALUE!,,0,0,
Teenage Mutant Ninja Turtles,NES_b,Ultra Games,Konami,,5.9,,,4.17m,3.38m,0.44m,0.31m,0.04m,6/1/1989,,4.17,,4.17,4.17,
Guerrilla War,NES_b,SNK,SNK Corporation,,,,,,,,,,6/1/1989,,#VALUE!,,0,0,
Hoops,NES_b,Jaleco,Jaleco Entertainment,,,,,,,,,,6/1/1989,,#VALUE!,,0,0,
Hydlide,NES_b,FCI,Tikipod,,,,,,,,,,6/1/1989,,#VALUE!,,0,0,
Monster Party,NES_b,Bandai,Bandai,,,,,,,,,,6/1/1989,,#VALUE!,,0,0,
Shooting Range,NES_b,Bandai,TOSE Software,,,,,,,,,,6/1/1989,,#VALUE!,,0,0,
Street Cop,NES_b,Bandai,Bandai,,,,,,,,,,6/1/1989,,#VALUE!,,0,0,
The Adventures of Bayou Billy,NES_b,Konami,Konami,,,,,,,,,,6/1/1989,,#VALUE!,,0,0,
Track & Field II,NES_b,Konami,Konami,,,,,,,,,,6/1/1989,,#VALUE!,,0,0,
Super Dodge Ball,NES_b,Sony Imagesoft,Technos Japan Corporation,,,,0.50m,,,,,,6/1/1989,,#VALUE!,,0,0,
Manhunter 2: San Francisco,All_b,Sierra Online,Evryware,,,,0.10m,,,,,,6/1/1989,10/5/2022,#VALUE!,,0,0,
Airwolf,NES_b,Acclaim Entertainment,Acclaim Entertainment,,,,,,,,,,6/1/1989,,#VALUE!,,0,0,
California Games,NES_b,Milton Bradley,Rare Ltd.,,,,,,,,,,6/1/1989,,#VALUE!,,0,0,
Desert Commander,NES_b,Kemco,Seika Corporation,,,,,,,,,,6/1/1989,,#VALUE!,,0,0,
Wai Wai Mahjong: Yukai na Jantomi-tachi,PCE_b,Video System,Video System,,,,,,,,,,6/19/1989,,#VALUE!,,0,0,
Fire ProWrestling: Combination Tag,PCE_b,Human Entertainment,Human Entertainment,,,,,,,,,,6/22/1989,,#VALUE!,,0,0,
Jinmu Denshou,PCE_b,Unknown,Wolf Team,,,,,,,,,,6/23/1989,,#VALUE!,,0,0,
La Salle Ishii no Child's Quest,NES_b,Namco,Namco,,,,,,,,,,6/23/1989,,#VALUE!,,0,0,
Cyber Cross,PCE_b,FACE,Sankindo,,,,,,,,,,6/23/1989,,#VALUE!,,0,0,
Teenage Mutant Ninja Turtles,All_b,Ultra Games,Konami,,,,4.00m,,,,,,6/25/1989,4/23/2022,#VALUE!,,0,0,
SD Gundam Gachapon Senshi 2: Capsule Senki,NES_b,Bandai,Bandai,,,,,,,,,,6/25/1989,,#VALUE!,,0,0,
Tengai Makyou: Ziria,PCE_b,Hudson Soft,RED Entertainment,,,,,,,,,,6/30/1989,,#VALUE!,,0,0,
The Ninja Warriors,PCE_b,Taito,Taito Corporation,,,,,,,,,,6/30/1989,,#VALUE!,,0,0,
Mega Man 2,NES_b,Capcom,Capcom,,,,1.51m,,,,,,7/1/1989,,#VALUE!,,0,0,
Sea Animal Games for Toddlers and Kids with Jigsaw Puzzles,SCD_b,Ubisoft,Unknown,,,,,,,,,,7/1/1989,,#VALUE!,,0,0,
Strider,NES_b,Capcom,Capcom,,,,,,,,,,7/1/1989,,#VALUE!,,0,0,
Thundercade,NES_b,Sammy Corporation,Micronics,,,,,,,,,,7/1/1989,,#VALUE!,,0,0,
Indiana Jones and the Last Crusade: The Graphic Adventure,PC_b,LucasArts,Lucasfilm Games,,,,0.25m,,,,,,7/1/1989,,#VALUE!,,0,0,
Baseball Stars,NES_b,SNK,SNK Corporation,,,,,,,,,,7/1/1989,,#VALUE!,,0,0,
Beethoven: The Ultimate Canine Caper,GB_b,Hi Tech Expressions,Unexpected Development,,,,,,,,,,7/1/1989,,#VALUE!,,0,0,
Cobra Triangle,NES_b,Nintendo,Rare Ltd.,,,,,,,,,,7/1/1989,,#VALUE!,,0,0,
Defender of the Crown,NES_b,Ultra Games,Konami,,,,,,,,,,7/1/1989,,#VALUE!,,0,0,
Tenkaichi Bushi: Keru Naguru,NES_b,Namco,Game Studio,,,,,,,,,,7/21/1989,,#VALUE!,,0,0,
Double Dragon,2600_b,Activision,Activision,,,,,0.47m,0.45m,0.02m,,0.01m,7/23/1989,,0.47,,0.47,0.47,
EarthBound Beginnings,NES_b,Nintendo,Ape Studios / HAL Laboratory / Brownie Brown,,,,,,,,,,7/27/1989,4/25/2023,#VALUE!,,0,0,
Famista '89 - Kaimaku Han!!,NES_b,Namco,Namco,,,,,2.05m,,,2.05m,,7/28/1989,,2.05,,2.05,2.05,
Takeda Shingen,PCE_b,Aicom,Aicom,,,,,,,,,,7/28/1989,,#VALUE!,,0,0,
Famista '89 - Kaimaku Han!!,NES_b,Namco,Namco,,,,,,,,,,7/28/1989,,#VALUE!,,0,0,
Tetris,GB_b,Nintendo,Bullet Proof Software,,,,30.26m,,,,,,7/31/1989,,#VALUE!,,0,0,
Splatterhouse: Wanpaku Graffiti,NES_b,Namco,Namco,,,,,,,,,,7/31/1989,,#VALUE!,,0,0,
Super Mario Land,GB_b,Nintendo,Nintendo R&D1,,,,18.14m,,,,,,8/1/1989,,#VALUE!,,0,0,
Dragon Warrior,NES_b,Nintendo,ChunSoft,,,,2.00m,,,,,,8/1/1989,5/7/2018,#VALUE!,,0,0,
Tennis,GB_b,Nintendo,Nintendo R&D1,,,,1.99m,,,,,,8/1/1989,,#VALUE!,,0,0,
Alleyway,GB_b,Nintendo,Nintendo R&D1 / Intelligent Systems,,,,1.94m,,,,,,8/1/1989,,#VALUE!,,0,0,
Baseball,GB_b,Nintendo,Nintendo,,,,1.61m,,,,,,8/1/1989,,#VALUE!,,0,0,
Flying Dragon: The Secret Scroll,NES_b,Culture Brain,Culture Brain,,,,,,,,,,8/1/1989,,#VALUE!,,0,0,
Jordan vs Bird: One on One,NES_b,Milton Bradley,Rare Ltd.,,,,,,,,,,8/1/1989,,#VALUE!,,0,0,
The Bugs Bunny Crazy Castle,NES_b,Kemco,Kemco,,,,,,,,,,8/1/1989,,#VALUE!,,0,0,
Adventures of Tom Sawyer,NES_b,Seta Corporation,Seta Corporation,,,,,,,,,,8/1/1989,,#VALUE!,,0,0,
Faxanadu,NES_b,Nintendo,Nihon Falcom Corporation,,,,,,,,,,8/1/1989,,#VALUE!,,0,0,
Prince of Persia,Series_b,Ubisoft,Broderbund,,,,20.00m,,,,,,8/3/1989,2/9/2020,#VALUE!,,0,0,
Maison Ikkoku,PCE_b,Micro Cabin,Micro Cabin,,,,,,,,,,8/4/1989,,#VALUE!,,0,0,
Power League II,PCE_b,Hudson Soft,Hudson Soft,,,,,,,,,,8/8/1989,,#VALUE!,,0,0,
Break In,PCE_b,Naxat Soft,Naxat Soft,,,,,,,,,,8/10/1989,,#VALUE!,,0,0,
Space Harrier II,GEN_b,Sega,Sega,,,,,,,,,,8/14/1989,,#VALUE!,,0,0,
Thunder Force II,GEN_b,Sega,"TechnoSoft Co., Ltd.",,,,,,,,,,8/14/1989,,#VALUE!,,0,0,
Alex Kidd in the Enchanted Castle,GEN_b,Sega,Sega,,,,,,,,,,8/14/1989,,#VALUE!,,0,0,
Altered Beast,GEN_b,Sega,Sega,,,,,,,,,,8/14/1989,,#VALUE!,,0,0,
Rock On,PCE_b,Unknown,Big Club,,,,,,,,,,8/22/1989,,#VALUE!,,0,0,
Racer Mini Yonku: Japan Cup,NES_b,Konami,Konami,,,,,,,,,,8/25/1989,,#VALUE!,,0,0,
F-1 Dream,PCE_b,NEC Avenue,NEC Avenue,,,,,,,,,,8/25/1989,,#VALUE!,,0,0,
Disney's DuckTales,NES_b,Capcom,Capcom,,,,1.67m,,,,,,9/1/1989,,#VALUE!,,0,0,
Hollywood Squares,NES_b,GameTek,Rare Ltd.,,,,,,,,,,9/1/1989,,#VALUE!,,0,0,
King's Knight,NES_b,Square,Square,,,,,,,,,,9/1/1989,,#VALUE!,,0,0,
NFL Football,NES_b,LJN,LJN Ltd.,,,,,,,,,,9/1/1989,,#VALUE!,,0,0,
P.O.W.: Prisoners of War,NES_b,SNK,SNK Corporation,,,,,,,,,,9/1/1989,,#VALUE!,,0,0,
Sesame Street: ABC,NES_b,Hi Tech Expressions,Rare Ltd.,,,,,,,,,,9/1/1989,,#VALUE!,,0,0,
Sky Shark,NES_b,Taito,Software Creations,,,,,,,,,,9/1/1989,,#VALUE!,,0,0,
The Black Bass,NES_b,Hot-B,Another,,,,,,,,,,9/1/1989,,#VALUE!,,0,0,
Who Framed Roger Rabbit,NES_b,LJN,Rare Ltd.,,,,,,,,,,9/1/1989,,#VALUE!,,0,0,
Adventures of Dino-Riki,NES_b,Hudson Soft,Rix Soft,,,,,,,,,,9/1/1989,,#VALUE!,,0,0,
Air Fortress,NES_b,HAL Laboratory,HAL Laboratory,,,,,,,,,,9/1/1989,,#VALUE!,,0,0,
Back to the Future,NES_b,LJN,Beam Software,,,,,,,,,,9/1/1989,,#VALUE!,,0,0,
Bad Street Brawler,NES_b,Mattel Interactive,Beam Software,,,,,,,,,,9/1/1989,,#VALUE!,,0,0,
Castlequest,NES_b,Nexoft,ASCII Entertainment,,,,,,,,,,9/1/1989,,#VALUE!,,0,0,
Idol Hakkenden,NES_b,Unknown,Natsume,,,,,,,,,,9/14/1989,,#VALUE!,,0,0,
Super Momotarou Dentetsu,PCE_b,Hudson Soft,Hudson Soft,,,,,,,,,,9/15/1989,,#VALUE!,,0,0,
Jyuouki (CD),PCE_b,NEC Avenue,Sega,,,,,,,,,,9/22/1989,,#VALUE!,,0,0,
Chuuka Taisen,NES_b,Taito,Disco,,,,,,,,,,9/22/1989,,#VALUE!,,0,0,
Jyuouki,PCE_b,NEC Avenue,Sega,,,,,,,,,,9/29/1989,,#VALUE!,,0,0,
Maharaja,NES_b,Sunsoft,Quest Corporation,,,,,,,,,,9/29/1989,,#VALUE!,,0,0,
TwinBee 3: Poko Poko Dai Maou,NES_b,Konami,Konami,,,,,,,,,,9/29/1989,,#VALUE!,,0,0,
Jeopardy! Junior Edition,NES_b,GameTek,Rare Ltd.,,,,,,,,,,10/1/1989,,#VALUE!,,0,0,
Stealth ATF,NES_b,Activision,Imagineering Inc.,,,,,,,,,,10/1/1989,,#VALUE!,,0,0,
The Three Stooges,NES_b,Activision,Beam Software,,,,,,,,,,10/1/1989,,#VALUE!,,0,0,
Twin Eagle,NES_b,Romstar,Visco,,,,,,,,,,10/1/1989,,#VALUE!,,0,0,
Wheel of Fortune: Junior Edition,NES_b,GameTek,Rare Ltd.,,,,,,,,,,10/1/1989,,#VALUE!,,0,0,
Quest for Glory: So You Want to Be a Hero,All_b,Sierra Online,Sierra On-Line,,,,0.25m,,,,,,10/1/1989,4/8/2021,#VALUE!,,0,0,
Casino Kid,NES_b,Sofel,Sofel,,,,,,,,,,10/1/1989,,#VALUE!,,0,0,
Prince of Persia,All_b,Broderbund,Broderbund,,,,2.00m,,,,,,10/3/1989,11/23/2020,#VALUE!,,0,0,
Super Hydlide,GEN_b,Seismic,Tikipod,,,,,,,,,,10/5/1989,,#VALUE!,,0,0,
Super Hang-On,GEN_b,Sega,Sega,,,,,,,,,,10/6/1989,,#VALUE!,,0,0,
Tommy Lasorda Baseball,GEN_b,Sega,Sega,,,,,,,,,,10/6/1989,,#VALUE!,,0,0,
Digital Champ: Battle Boxing,PCE_b,Naxat Soft,Naxat Soft,,,,,,,,,,10/13/1989,,#VALUE!,,0,0,
Famicom Mukashi Banashi: Yuuyuuki - Zenpen (FDS),NES_b,Nintendo,Pax Softnica,,,,,,,,,,10/14/1989,,#VALUE!,,0,0,
Revenge of the 'Gator,GB_b,HAL Laboratory,HAL Laboratory,,,,,,,,,,10/18/1989,,#VALUE!,,0,0,
Hokuto no Ken 3: Shinseiki Souzou Seiken Retsuden,NES_b,Toei Animation,Shouei System,,,,,,,,,,10/19/1989,,#VALUE!,,0,0,
Tatsu no Ko Fighter,PCE_b,Tonkin House,Tonkin House,,,,,,,,,,10/20/1989,,#VALUE!,,0,0,
Dragon Ball 3: Gokuuden,NES_b,Bandai,Bandai,,,,,,,,,,10/27/1989,,#VALUE!,,0,0,
Mahjong Taikai,NES_b,KOEI,Koei,,,,,,,,,,10/31/1989,,#VALUE!,,0,0,
Tetris,NES_b,Nintendo,Nintendo,,,,5.58m,,,,,,11/1/1989,,#VALUE!,,0,0,
To The Earth,NES_b,Nintendo,Nintendo,,,,,,,,,,11/1/1989,,#VALUE!,,0,0,
Tsuru Teruto no Jissen Kabushiki Bi-Game,PCE_b,Intec,Intec,,,,,,,,,,11/1/1989,,#VALUE!,,0,0,
720 Degrees,NES_b,Mindscape,Mindscape Inc.,,,,,,,,,,11/1/1989,,#VALUE!,,0,0,
Zoom!,GEN_b,Sega,"SEGA of America, Inc.",,,,,,,,,,11/3/1989,,#VALUE!,,0,0,
Famicom Mukashi Banashi: Yuuyuuki - Kouhen (FDS),NES_b,Nintendo,Pax Softnica,,,,,,,,,,11/14/1989,,#VALUE!,,0,0,
Forgotten Worlds,GEN_b,Sega,Sega,,,,,,,,,,11/17/1989,,#VALUE!,,0,0,
Daichikun Crisis: Do Natural,PCE_b,Salio,Salio,,,,,,,,,,11/22/1989,,#VALUE!,,0,0,
Mahjong Gakuen Toumasou Shirou Toujou,PCE_b,FACE,Sankindo,,,,,,,,,,11/24/1989,,#VALUE!,,0,0,
Gekitotsu Yonku Battle,NES_b,Irem Software Engineering,Irem Software Engineering,,,,,,,,,,11/27/1989,,#VALUE!,,0,0,
Bari Bari Densetsu,PCE_b,Taito,Taito Corporation,,,,,,,,,,11/30/1989,,#VALUE!,,0,0,
Final Fight,Series_b,Capcom,Capcom,,,,3.20m,,,,,,12/1/1989,2/3/2020,#VALUE!,,0,0,
Ironsword: Wizards & Warriors II,NES_b,Acclaim Entertainment,Rare Ltd.,,,,,,,,,,12/1/1989,,#VALUE!,,0,0,
Knight Rider,NES_b,Acclaim Entertainment,Pack-In-Video,,,,,,,,,,12/1/1989,,#VALUE!,,0,0,
Mr. Heli no Daibouken,PCE_b,Irem Software Engineering,Irem Software Engineering,,,,,,,,,,12/1/1989,,#VALUE!,,0,0,
RoboCop,NES_b,Data East,Ocean Software,,,,,,,,,,12/1/1989,,#VALUE!,,0,0,
Shadowgate,NES_b,Kemco,ICOM Simulations,,,,,,,,,,12/1/1989,,#VALUE!,,0,0,
Street Fighter,TG16_b,NEC Avenue,Unknown,,,,,,,,,,12/1/1989,,#VALUE!,,0,0,
The Battle of Olympus,NES_b,Broderbund,Infinity,,,,,,,,,,12/1/1989,,#VALUE!,,0,0,
The Magic of Scheherazade,NES_b,Culture Brain,Culture Brain,,,,,,,,,,12/1/1989,,#VALUE!,,0,0,
The Uncanny X-Men,NES_b,LJN,"LJN Toys, Ltd.",,,,,,,,,,12/1/1989,,#VALUE!,,0,0,
Willow,NES_b,Capcom,Capcom,,,,,,,,,,12/1/1989,,#VALUE!,,0,0,
A-10 Tank Killer,Series_b,Dynamix,Dynamix,,,,0.25m,,,,,,12/1/1989,4/5/2021,#VALUE!,,0,0,
All-Pro Basketball,NES_b,Victory Lap Games,Aicom,,,,,,,,,,12/1/1989,,#VALUE!,,0,0,
Archon,NES_b,Activision,Bulletproof Software,,,,,,,,,,12/1/1989,,#VALUE!,,0,0,
Castlevania: The Adventure,GB_b,Konami,Konami,,,,,,,,,,12/1/1989,,#VALUE!,,0,0,
Championship Bowling,NES_b,Romstar,Another,,,,,,,,,,12/1/1989,,#VALUE!,,0,0,
Cybernoid: The Fighting Machine,NES_b,Acclaim Entertainment,Acclaim,,,,,,,,,,12/1/1989,,#VALUE!,,0,0,
Dig Dug II: Trouble In Paradise,NES_b,Bandai,Namco,,,,,,,,,,12/1/1989,,#VALUE!,,0,0,
Final Fight,Arc_b,Capcom,Unknown,,,,,,,,,,12/1/1989,,#VALUE!,,0,0,
The Revenge of Shinobi,GEN_b,Sega,Sega,,,,,,,,,,12/2/1989,,#VALUE!,,0,0,
Osomatsu-kun: Back to Zami no Deppa,NES_b,Bandai,Bandai,,,,,,,,,,12/8/1989,,#VALUE!,,0,0,
Shinobi,PCE_b,Asmik Ace Entertainment,Dual,,,,,,,,,,12/8/1989,,#VALUE!,,0,0,
Taito Chase H.Q.,NES_b,Taito,Disco,,,,,,,,,,12/8/1989,,#VALUE!,,0,0,
Bullfight Ring no Hasha,PCE_b,Unknown,Cream,,,,,,,,,,12/8/1989,,#VALUE!,,0,0,
Battle Ace,PCE_b,Hudson Soft,Hudson Soft,,,,,,,,,,12/9/1989,,#VALUE!,,0,0,
Mendel Palace,NES_b,Hudson Soft,Game Freak,,,,,,,,,,12/12/1989,,#VALUE!,,0,0,
Mahjong Cop Ryuu: Shiro Ookami no Yabou,GEN_b,Sega,Sega,,,,,,,,,,12/14/1989,,#VALUE!,,0,0,
Flipull,NES_b,Taito,Taito Corporation,,,,,,,,,,12/15/1989,,#VALUE!,,0,0,
Hyper Dyne Side Arms Special,PCE_b,NEC Avenue,NEC Avenue,,,,,,,,,,12/15/1989,,#VALUE!,,0,0,
Sweet Home,NES_b,Capcom,Capcom,,,,,,,,,,12/15/1989,,#VALUE!,,0,0,
Sword of Vermilion,GEN_b,Sega,Sega,,,,,,,,,,12/15/1989,,#VALUE!,,0,0,
D.P.S.: Dream Program System,PC_b,Alice Soft,Alice Soft,,,,,,,,,,12/15/1989,,#VALUE!,,0,0,
Shogi,GB_b,Pony Canyon,Pony Canyon,,,,,,,,,,12/19/1989,,#VALUE!,,0,0,
Famista '90,NES_b,Namco,Namco,,,,,,,,,,12/19/1989,,#VALUE!,,0,0,
Kore ga Pro Yakyuu '89,PCE_b,Intec,TOSE Software,,,,,,,,,,12/20/1989,,#VALUE!,,0,0,
Golden Axe,GEN_b,Sega,Sega,,,,,,,,,,12/22/1989,,#VALUE!,,0,0,
Heavy Unit,PCE_b,Taito,Inter State,,,,,,,,,,12/22/1989,,#VALUE!,,0,0,
Knight Rider Special,PCE_b,Pack-In-Video,Pack-In-Video,,,,,,,,,,12/22/1989,,#VALUE!,,0,0,
Mappy Kids,NES_b,Namco,Namco,,,,,,,,,,12/22/1989,,#VALUE!,,0,0,
Benkei Gaiden,PCE_b,Sunsoft,SunSoft,,,,,,,,,,12/22/1989,,#VALUE!,,0,0,
Heracles no Eikou II: Titan no Metsubou,NES_b,Data East,Data East,,,,,,,,,,12/23/1989,,#VALUE!,,0,0,
Curse,GEN_b,Micronet,Micronet,,,,,,,,,,12/23/1989,,#VALUE!,,0,0,
Volfied,PCE_b,Taito,Taito Corporation,,,,,,,,,,12/27/1989,,#VALUE!,,0,0,
F1 Triple Battle,PCE_b,Human Entertainment,Human Entertainment,,,,,,,,,,12/27/1989,,#VALUE!,,0,0,
Master Karateka,GB_b,Bandai,Bandai Shinsei,,,,,,,,,,12/28/1989,,#VALUE!,,0,0,
